1657 3045
262 138 362 175 Drauoxu
376 139 517 176 luuuouxroxn
712 141 732 177 35

48 267 97 312 niter
108 263 175 308 fertur.
186 266 214 308 Ut
225 278 286 307 unum
297 263 408 324 exemplum
418 263 546 325 perhibeatur,
557 263 680 315 SUAREZ‚⁵⁰
692 276 735 305 eam

48 337 224 391 commemorando,
233 338 279 381 citat
287 339 439 381 PLUTARCHI
448 339 513 384 Vitam
522 339 582 390 Bruti,
592 339 613 380 in
622 352 660 396 qua
670 344 734 379 autem

48 414 115 457 unicus
123 412 177 454 locus
185 413 221 455 hac
229 411 253 455 de
261 427 282 455 re
289 413 326 455 iste
334 412 384 464 est,⁵¹
394 411 426 455 ubi
435 413 541 472 insopitum
548 415 630 455 Brutum
639 410 733 454 describit.

22 489 24 491 ’
48 489 93 530 Una
108 493 170 537 nocte,
184 492 261 528 enarrat
274 486 393 536 Plutarchus,
408 487 484 539 Brutus,
500 487 552 530 solus
565 487 586 529 in
600 485 684 529 tentorio
700 499 734 527 suo

48 558 137 618 vigilans,
147 558 251 618 quemdam
259 560 363 603 intrantem
373 558 451 612 audivit,
462 561 614 620 “respiciensque
623 559 648 603 ad
657 559 734 609 ostium,

48 632 153 677 terribilem
161 633 261 692 conspexit
270 640 289 676 et
296 640 439 676 monstruosam
447 634 549 677 inusitatae
558 640 641 677 staturae
649 632 735 692 corporis

49 714 107 766 atque
116 706 232 750 metuendae
242 707 353 766 imaginem,
364 709 421 751 tacite
432 707 468 751 sibi
479 707 576 751 adstantis.
594 708 658 750 Ausus
669 714 735 750 tamen

49 781 164 840 percontari:
183 781 284 836 Quisnam,
301 782 333 833 ait,
350 781 452 824 hominurn
468 781 573 825 deorumve
589 790 622 824 aut
637 782 691 824 cuius
707 780 735 822 rei

49 867 106 896 causa
119 852 144 896 ad
156 867 191 896 nos
203 855 267 897 venis?
278 853 387 914 Respondit
400 856 417 897 ei
429 856 502 913 imago:
517 855 571 897 Tuus
584 869 632 906 sum,
645 869 657 896 o
670 855 734 904 Brute,

49 926 112 968 malus
127 927 201 983 genius,
217 927 269 985 apud
284 927 385 986 Philippos
399 942 431 970 me
445 927 526 971 videbis.
547 928 623 969 Tamen
637 927 671 969 ille
686 922 734 968 nihil

49 999 130 1050 territus,
141 998 225 1051 Videbo,
236 1000 317 1059 inquit.’'
335 1001 414 1043 Summo
425 1008 490 1044 autem
500 1016 557 1043 mane
568 1015 588 1044 se
598 1000 679 1043 contulit
690 1001 735 1042 Bru-

50 1079 86 1123 tus,
99 1072 232 1131 explicationis
244 1073 373 1133 postulandae
384 1089 447 1126 causa,
460 1074 485 1117 ad
496 1075 590 1126 Cassium,
603 1074 637 1133 qui
649 1072 673 1116 de
686 1080 736 1116 secta

50 1150 142 1210 Epicurea
152 1148 254 1193 adversum
263 1136 345 1191 Brutum
355 1147 429 1192 solebat
439 1147 542 1207 disputare.
560 1149 598 1191 Iste
609 1154 673 1190 autern
683 1145 736 1190 dedit

50 1238 170 1283 responsum:
190 1224 274 1283 “Neque
289 1238 334 1266 vero
351 1221 452 1282 probabile
467 1230 496 1266 est
511 1223 579 1281 genios
594 1222 626 1265 vel
642 1236 689 1273 esse,
704 1220 736 1264 vel

49 1298 152 1340 hominum
162 1296 247 1340 formam
257 1296 328 1340 habere
338 1310 444 1355 vocemque
456 1304 489 1339 aut
498 1298 538 1339 vim
549 1295 654 1356 quamdam
665 1295 690 1338 ad
701 1309 736 1337 nos

50 1371 197 1429 pertinentemr'’
218 1372 241 1412 ln
254 1378 347 1429 promptu
360 1378 425 1412 autem
439 1377 473 1422 est,
488 1385 512 1412 ex
525 1371 561 1412 hac
573 1370 683 1412 narratione
696 1384 737 1411 non

50 1450 114 1502 potest
130 1442 225 1494 concludi,
242 1443 367 1486 Plutarchum
382 1444 420 1486 hoc
436 1442 479 1486 loco
496 1442 564 1485 docere
582 1443 696 1485 sententiam
712 1441 737 1484 de

51 1517 129 1577 proprio
140 1515 235 1560 daemone
244 1516 347 1577 unicuique
357 1515 456 1577 deputato.

64 1634 66 1637 .
90 1600 188 1643 Idunum
204 1600 266 1643 adhuc
281 1599 415 1659 quadantenus
430 1602 509 1644 innuere
524 1600 571 1644 utile
586 1600 668 1652 videtur,
683 1599 737 1659 quod

50 1688 121 1733 nempe
131 1674 193 1716 cultus
203 1675 305 1732 spiritutun
314 1689 373 1732 quam
382 1676 467 1717 maxime
477 1674 568 1717 dilatatus
579 1682 619 1717 erat
629 1674 681 1733 apud
691 1689 737 1732 gen·

51 1747 100 1790 tiles.
120 1749 149 1790 lta
162 1747 186 1791 de
199 1762 269 1806 genere
282 1748 347 1807 aliquo
360 1749 461 1807 spirituum
473 1747 575 1800 bonorum,
589 1750 622 1808 qui
635 1749 737 1791 hominum

51 1824 158 1868 custodiam
175 1833 321 1884 prosequantur,
337 1827 418 1869 omnino
435 1833 524 1869 constans
541 1833 581 1870 erat
596 1825 680 1870 traditio.
704 1825 737 1870 Ad

51 1901 222 1959 daemonologiam
229 1917 274 1945 vero
282 1902 335 1961 quod
343 1902 408 1954 refert,
416 1904 523 1946 communis
531 1917 590 1962 penes
598 1918 631 1946 eos
639 1904 737 1963 persuasio

51 1986 97 2032 erat,
107 1978 209 2023 daemonia
217 2004 245 2010 —
254 1987 326 2023 certum
335 1978 435 2039 quoddam
444 1995 505 2039 genus
515 1982 617 2040 spirituum
625 1983 738 2041 praesertim

51 2056 165 2100 inferiorum
177 2082 204 2087 —-
215 2058 321 2100 maximum
334 2057 429 2101 influxum
441 2059 461 2100 in
474 2058 530 2102 rebus
542 2060 632 2103 humanis
645 2075 737 2112 exercere,

52 2134 79 2177 ita
87 2134 172 2194 quidem,
181 2142 202 2177 ut
210 2136 273 2178 cuncti
280 2135 343 2179 morbi
352 2136 391 2178 sive
399 2136 472 2195 physici
480 2137 520 2180 sive
528 2137 611 2196 psychici
620 2154 631 2181 a
640 2137 738 2181 daemoni-

51 2210 87 2255 bus
95 2214 175 2265 causari,
185 2214 231 2266 imo,
241 2228 285 2257 cum
295 2215 341 2273 ipsis
351 2213 471 2266 identificari‚
481 2214 609 2259 crederentur,
620 2217 694 2260 Mirum
703 2217 738 2276 igi-

52 2297 83 2333 tur
103 2306 143 2334 non
164 2298 197 2343 est,
218 2291 271 2351 quod
292 2292 344 2351 apud
366 2291 481 2346 Chaldaeos,
502 2292 625 2347 Hebraeos,⁵²
647 2284 737 2347 Graecos,

51 2386 112 2394 —-..

94 2431 118 2461 5⁰.
128 2428 153 2459 De
161 2425 229 2467 Angelis,
239 2432 248 2460 8
259 2432 277 2460 21
289 2432 315 2464 30¹.
325 2437 340 2467 p.
351 2432 394 2462 1097.

54 2473 165 2551 rioriiiollim
176 2474 223 2540 Bruti,
235 2485 260 2506 nu.
272 2475 321 2512 3637,
334 2474 378 2508 Vitae
389 2476 403 2506 ll
417 2474 449 2515 (ed.
460 2475 518 2510 Theoi
529 2477 605 2516 Doehner,
617 2478 676 2510 Parisiis
688 2477 736 2518 1847)

95 2568 118 2598 52.
129 2541 170 2596 Vide
180 2563 289 2603 Maldonatum,
301 2564 317 2597 in
328 2564 359 2600 Mt.
372 2569 390 2597 18
403 2569 421 2598 10
436 2564 468 2605 (ed.
478 2567 524 2599 Raich
536 2570 542 2600 l
555 2569 591 2606 3623
603 2568 625 2600 Μ.
638 2569 687 2601 CCSS¹
699 2568 739 2601 XXI

54 2604 99 2645 864).
108 2625 129 2630 -
138 2607 175 2645 lmo,
184 2611 199 2638 et
207 2606 288 2639 secundum
297 2607 375 2647 scriptores
384 2607 480 2641 Talmudicos
489 2611 591 2650 uuusquisque
600 2610 646 2643 homo
655 2611 740 2644 daemonio·

53 2658 87 2680 rum
102 2647 144 2681 mille
160 2659 168 2681 a
184 2648 251 2688 sinistris,
268 2660 277 2682 a
293 2648 347 2682 dextris
363 2661 398 2683 vero
415 2649 465 2684 decem
481 2651 529 2685 millia
545 2651 612 2686 haberet!
635 2654 707 2696 Grlinzig,
724 2656 740 2688 iu

53 2690 131 2731 Iridisches
140 2691 211 2732 Laxlkun,
222 2694 235 2724 ll
247 2693 306 2734 (Berlin
316 2692 364 2733 1928)
376 2698 399 2727 17.
