<?xml version="1.0" encoding="UTF-8"?>
<!DOCTYPE html PUBLIC "-//W3C//DTD XHTML 1.0 Transitional//EN"
    "http://www.w3.org/TR/xhtml1/DTD/xhtml1-transitional.dtd">
<html xmlns="http://www.w3.org/1999/xhtml" xml:lang="en" lang="en">
 <head>
  <title>
</title>
<meta http-equiv="Content-Type" content="text/html;charset=utf-8" />
  <meta name='ocr-system' content='tesseract 3.04.00' />
  <meta name='ocr-capabilities' content='ocr_page ocr_carea ocr_par ocr_line ocrx_word'/>
</head>
<body>
  <div class='ocr_page' id='page_1' title='image "MN41545ucmf_5_0113.png"; bbox 0 0 1657 3045; ppageno 0'>
   <div class='ocr_carea' id='block_1_1' title="bbox 275 126 747 164">
    <p class='ocr_par' dir='ltr' id='par_1_1' title="bbox 275 126 747 164">
     <span class='ocr_line' id='line_1_1' title="bbox 275 126 747 164; baseline -0.006 0"><span class='ocrx_word' id='word_1_1' title='bbox 275 126 376 164; x_wconf 78' lang='lat' dir='ltr'>Dnanous</span> <span class='ocrx_word' id='word_1_2' title='bbox 390 126 531 164; x_wconf 73' lang='lat' dir='ltr'>tuaucumouu</span> <span class='ocrx_word' id='word_1_3' title='bbox 725 127 747 162; x_wconf 90' lang='lat'>77</span> 
     </span>
    </p>
   </div>
   <div class='ocr_carea' id='block_1_2' title="bbox 40 248 749 811">
    <p class='ocr_par' dir='ltr' id='par_1_2' title="bbox 60 248 748 460">
     <span class='ocr_line' id='line_1_2' title="bbox 60 248 748 314; baseline -0.013 -16"><span class='ocrx_word' id='word_1_4' title='bbox 60 254 138 298; x_wconf 89' lang='lat' dir='ltr'>divinae</span> <span class='ocrx_word' id='word_1_5' title='bbox 154 254 285 314; x_wconf 83' lang='lat' dir='ltr'>permissionis</span> <span class='ocrx_word' id='word_1_6' title='bbox 301 252 378 297; x_wconf 90' lang='lat' dir='ltr'>obstare</span> <span class='ocrx_word' id='word_1_7' title='bbox 395 252 449 305; x_wconf 88' lang='lat' dir='ltr'>dixit,</span> <span class='ocrx_word' id='word_1_8' title='bbox 467 252 547 295; x_wconf 88' lang='lat' dir='ltr'>omnino</span> <span class='ocrx_word' id='word_1_9' title='bbox 565 250 656 294; x_wconf 82' lang='lat' dir='ltr'>excedere</span> <span class='ocrx_word' id='word_1_10' title='bbox 672 248 748 292; x_wconf 90' lang='lat' dir='ltr'>videtur</span> 
     </span>
     <span class='ocr_line' id='line_1_3' title="bbox 60 322 748 388; baseline -0.009 -16"><span class='ocrx_word' id='word_1_11' title='bbox 60 327 139 388; x_wconf 91' lang='lat' dir='ltr'>quando</span> <span class='ocrx_word' id='word_1_12' title='bbox 154 327 259 372; x_wconf 84' lang='lat' dir='ltr'>concludit:</span> <span class='ocrx_word' id='word_1_13' title='bbox 278 326 354 373; x_wconf 82' lang='lat' dir='ltr'>“Nulla</span> <span class='ocrx_word' id='word_1_14' title='bbox 367 340 414 384; x_wconf 83' lang='lat' dir='ltr'>ergo</span> <span class='ocrx_word' id='word_1_15' title='bbox 429 327 478 371; x_wconf 86' lang='lat' dir='ltr'>ratio</span> <span class='ocrx_word' id='word_1_16' title='bbox 493 324 600 385; x_wconf 88' lang='lat' dir='ltr'>probabilis</span> <span class='ocrx_word' id='word_1_17' title='bbox 614 331 706 384; x_wconf 81' lang='lat' dir='ltr'>superest,</span> <span class='ocrx_word' id='word_1_18' title='bbox 722 322 748 367; x_wconf 94' lang='lat' dir='ltr'>ob</span> 
     </span>
     <span class='ocr_line' id='line_1_4' title="bbox 60 395 748 460; baseline -0.007 -16"><span class='ocrx_word' id='word_1_19' title='bbox 60 415 119 460; x_wconf 90' lang='lat' dir='ltr'>quam</span> <span class='ocrx_word' id='word_1_20' title='bbox 129 399 181 444; x_wconf 88' lang='lat' dir='ltr'>credi</span> <span class='ocrx_word' id='word_1_21' title='bbox 191 401 258 460; x_wconf 82' lang='lat' dir='ltr'>possit,</span> <span class='ocrx_word' id='word_1_22' title='bbox 269 398 380 443; x_wconf 79' lang='lat' dir='ltr'>Luciferum</span> <span class='ocrx_word' id='word_1_23' title='bbox 390 413 430 442; x_wconf 92' lang='lat' dir='ltr'>non</span> <span class='ocrx_word' id='word_1_24' title='bbox 441 399 534 459; x_wconf 90' lang='lat' dir='ltr'>deputare</span> <span class='ocrx_word' id='word_1_25' title='bbox 545 398 627 457; x_wconf 85' lang='lat' dir='ltr'>singulis</span> <span class='ocrx_word' id='word_1_26' title='bbox 636 395 748 441; x_wconf 85' lang='lat' dir='ltr'>hominibus</span> 
     </span>
    </p>

    <p class='ocr_par' dir='ltr' id='par_1_3' title="bbox 40 471 749 811">
     <span class='ocr_line' id='line_1_5' title="bbox 40 471 749 533; baseline -0.006 -16"><span class='ocrx_word' id='word_1_27' title='bbox 40 522 42 524; x_wconf 77' lang='lat'>.</span> <span class='ocrx_word' id='word_1_28' title='bbox 60 473 148 532; x_wconf 87' lang='lat' dir='ltr'>singulos</span> <span class='ocrx_word' id='word_1_29' title='bbox 157 474 235 533; x_wconf 89' lang='lat' dir='ltr'>spiritus</span> <span class='ocrx_word' id='word_1_30' title='bbox 242 473 311 525; x_wconf 89' lang='lat' dir='ltr'>malos,</span> <span class='ocrx_word' id='word_1_31' title='bbox 321 473 355 533; x_wconf 91' lang='lat' dir='ltr'>qui</span> <span class='ocrx_word' id='word_1_32' title='bbox 365 487 398 517; x_wconf 92' lang='lat' dir='ltr'>eos</span> <span class='ocrx_word' id='word_1_33' title='bbox 407 473 558 533; x_wconf 81' lang='lat' dir='ltr'>impugnent.’&#39;²⁸</span> <span class='ocrx_word' id='word_1_34' title='bbox 566 497 594 503; x_wconf 93' lang='lat'><em>-</em></span> <span class='ocrx_word' id='word_1_35' title='bbox 602 471 674 516; x_wconf 87' lang='lat' dir='ltr'>Nihilo</span> <span class='ocrx_word' id='word_1_36' title='bbox 683 478 749 514; x_wconf 89' lang='lat' dir='ltr'>tamen</span> 
     </span>
     <span class='ocr_line' id='line_1_6' title="bbox 61 544 749 607; baseline -0.007 -16"><span class='ocrx_word' id='word_1_37' title='bbox 61 548 127 600; x_wconf 87' lang='lat' dir='ltr'>secius,</span> <span class='ocrx_word' id='word_1_38' title='bbox 139 549 154 590; x_wconf 91' lang='lat' dir='ltr'>si</span> <span class='ocrx_word' id='word_1_39' title='bbox 164 548 229 590; x_wconf 90' lang='lat' dir='ltr'>variae</span> <span class='ocrx_word' id='word_1_40' title='bbox 239 548 323 590; x_wconf 88' lang='lat' dir='ltr'>rationes</span> <span class='ocrx_word' id='word_1_41' title='bbox 334 559 392 607; x_wconf 83' lang='lat' dir='ltr'>supra</span> <span class='ocrx_word' id='word_1_42' title='bbox 402 545 473 589; x_wconf 76' lang='lat' dir='ltr'>relatae</span> <span class='ocrx_word' id='word_1_43' title='bbox 483 560 524 589; x_wconf 90' lang='lat' dir='ltr'>non</span> <span class='ocrx_word' id='word_1_44' title='bbox 534 545 636 597; x_wconf 87' lang='lat' dir='ltr'>sufficiunt,</span> <span class='ocrx_word' id='word_1_45' title='bbox 648 552 670 588; x_wconf 88' lang='lat' dir='ltr'>ut</span> <span class='ocrx_word' id='word_1_46' title='bbox 680 544 749 588; x_wconf 89' lang='lat' dir='ltr'>saltem</span> 
     </span>
     <span class='ocr_line' id='line_1_7' title="bbox 61 618 749 680; baseline -0.004 -17"><span class='ocrx_word' id='word_1_47' title='bbox 61 636 144 680; x_wconf 88' lang='lat' dir='ltr'>aequam</span> <span class='ocrx_word' id='word_1_48' title='bbox 156 620 313 680; x_wconf 76' lang='lat' dir='ltr'>probabilitatem</span> <span class='ocrx_word' id='word_1_49' title='bbox 327 621 433 663; x_wconf 89' lang='lat' dir='ltr'>sententiae</span> <span class='ocrx_word' id='word_1_50' title='bbox 446 622 548 678; x_wconf 79' lang='lat' dir='ltr'>negativae</span> <span class='ocrx_word' id='word_1_51' title='bbox 560 618 664 671; x_wconf 78' lang='lat' dir='ltr'>vindicent,</span> <span class='ocrx_word' id='word_1_52' title='bbox 678 632 749 678; x_wconf 91' lang='lat' dir='ltr'>propo·</span> 
     </span>
     <span class='ocr_line' id='line_1_8' title="bbox 61 692 749 753; baseline -0.004 -17"><span class='ocrx_word' id='word_1_53' title='bbox 61 692 125 737; x_wconf 87' lang='lat' dir='ltr'>nenda</span> <span class='ocrx_word' id='word_1_54' title='bbox 138 700 183 736; x_wconf 90' lang='lat' dir='ltr'>sunt</span> <span class='ocrx_word' id='word_1_55' title='bbox 195 708 218 737; x_wconf 82' lang='lat' dir='ltr'>ex</span> <span class='ocrx_word' id='word_1_56' title='bbox 231 693 269 736; x_wconf 91' lang='lat' dir='ltr'>alio</span> <span class='ocrx_word' id='word_1_57' title='bbox 282 694 345 753; x_wconf 89' lang='lat' dir='ltr'>capite</span> <span class='ocrx_word' id='word_1_58' title='bbox 358 698 478 751; x_wconf 73' lang='lat' dir='ltr'>argmenta,</span> <span class='ocrx_word' id='word_1_59' title='bbox 491 707 541 751; x_wconf 87' lang='lat' dir='ltr'>quae</span> <span class='ocrx_word' id='word_1_60' title='bbox 553 694 631 736; x_wconf 85' lang='lat' dir='ltr'>maioris</span> <span class='ocrx_word' id='word_1_61' title='bbox 644 706 710 735; x_wconf 88' lang='lat' dir='ltr'>revera</span> <span class='ocrx_word' id='word_1_62' title='bbox 722 692 749 733; x_wconf 90' lang='lat' dir='ltr'>vi-</span> 
     </span>
     <span class='ocr_line' id='line_1_9' title="bbox 61 766 244 811; baseline -0.005 0"><span class='ocrx_word' id='word_1_63' title='bbox 61 766 131 811; x_wconf 90' lang='lat' dir='ltr'>dentur</span> <span class='ocrx_word' id='word_1_64' title='bbox 145 766 244 811; x_wconf 88' lang='lat' dir='ltr'>efficaciae.</span> 
     </span>
    </p>
   </div>
   <div class='ocr_carea' id='block_1_3' title="bbox 235 914 575 984">
    <p class='ocr_par' dir='ltr' id='par_1_4' title="bbox 235 914 575 984">
     <span class='ocr_line' id='line_1_10' title="bbox 235 914 575 984; baseline 0.003 -27"><span class='ocrx_word' id='word_1_65' title='bbox 235 916 272 958; x_wconf 69' lang='lat' dir='ltr'>Ill,</span> <span class='ocrx_word' id='word_1_66' title='bbox 282 915 319 957; x_wconf 94' lang='lat' dir='ltr'>EX</span> <span class='ocrx_word' id='word_1_67' title='bbox 328 914 418 984; x_wconf 66' lang='lat' dir='ltr'><strong>RARTE</strong></span> <span class='ocrx_word' id='word_1_68' title='bbox 427 915 575 959; x_wconf 91' lang='lat' dir='ltr'>HOMINUM</span> 
     </span>
    </p>
   </div>
   <div class='ocr_carea' id='block_1_4' title="bbox 21 1046 753 2574">
    <p class='ocr_par' dir='ltr' id='par_1_5' title="bbox 21 1046 752 2130">
     <span class='ocr_line' id='line_1_11' title="bbox 100 1046 750 1109; baseline -0.006 -17"><span class='ocrx_word' id='word_1_69' title='bbox 100 1050 198 1092; x_wconf 87' lang='lat' dir='ltr'>Asseritur</span> <span class='ocrx_word' id='word_1_70' title='bbox 207 1049 311 1108; x_wconf 89' lang='lat' dir='ltr'>unicuique</span> <span class='ocrx_word' id='word_1_71' title='bbox 320 1049 396 1092; x_wconf 90' lang='lat' dir='ltr'>homini</span> <span class='ocrx_word' id='word_1_72' title='bbox 406 1048 520 1109; x_wconf 88' lang='lat' dir='ltr'>deputatum</span> <span class='ocrx_word' id='word_1_73' title='bbox 530 1063 572 1092; x_wconf 90' lang='lat' dir='ltr'>esse</span> <span class='ocrx_word' id='word_1_74' title='bbox 581 1046 697 1091; x_wconf 89' lang='lat' dir='ltr'>daemonem</span> <span class='ocrx_word' id='word_1_75' title='bbox 707 1060 750 1105; x_wconf 86' lang='lat' dir='ltr'>pro-</span> 
     </span>
     <span class='ocr_line' id='line_1_12' title="bbox 62 1121 749 1182; baseline -0.004 -17"><span class='ocrx_word' id='word_1_76' title='bbox 62 1123 126 1181; x_wconf 90' lang='lat' dir='ltr'>prium</span> <span class='ocrx_word' id='word_1_77' title='bbox 136 1121 161 1164; x_wconf 87' lang='lat' dir='ltr'>acl</span> <span class='ocrx_word' id='word_1_78' title='bbox 171 1123 288 1165; x_wconf 85' lang='lat' dir='ltr'>exercitium.</span> <span class='ocrx_word' id='word_1_79' title='bbox 298 1124 380 1165; x_wconf 89' lang='lat' dir='ltr'>Econtra</span> <span class='ocrx_word' id='word_1_80' title='bbox 390 1130 424 1174; x_wconf 86' lang='lat' dir='ltr'>est,</span> <span class='ocrx_word' id='word_1_81' title='bbox 436 1122 458 1182; x_wconf 86' lang='grc'>1)</span> <span class='ocrx_word' id='word_1_82' title='bbox 471 1122 525 1181; x_wconf 91' lang='lat' dir='ltr'>quod</span> <span class='ocrx_word' id='word_1_83' title='bbox 534 1121 592 1164; x_wconf 92' lang='lat' dir='ltr'>multi</span> <span class='ocrx_word' id='word_1_84' title='bbox 601 1128 645 1164; x_wconf 87' lang='lat' dir='ltr'>sunt</span> <span class='ocrx_word' id='word_1_85' title='bbox 654 1121 749 1170; x_wconf 90' lang='lat' dir='ltr'>homines,</span> 
     </span>
     <span class='ocr_line' id='line_1_13' title="bbox 62 1193 750 1256; baseline -0.004 -18"><span class='ocrx_word' id='word_1_86' title='bbox 62 1197 110 1239; x_wconf 89' lang='lat' dir='ltr'>sicut</span> <span class='ocrx_word' id='word_1_87' title='bbox 119 1195 180 1239; x_wconf 86' lang='lat' dir='ltr'>Pueri</span> <span class='ocrx_word' id='word_1_88' title='bbox 189 1206 209 1239; x_wconf 89' lang='lat' dir='ltr'>et</span> <span class='ocrx_word' id='word_1_89' title='bbox 218 1195 322 1248; x_wconf 82' lang='lat' dir='ltr'>Amentes,</span> <span class='ocrx_word' id='word_1_90' title='bbox 331 1194 430 1256; x_wconf 90' lang='lat' dir='ltr'>inquibus</span> <span class='ocrx_word' id='word_1_91' title='bbox 439 1194 560 1255; x_wconf 86' lang='lat' dir='ltr'>impossibile</span> <span class='ocrx_word' id='word_1_92' title='bbox 568 1201 597 1239; x_wconf 89' lang='lat' dir='ltr'>est</span> <span class='ocrx_word' id='word_1_93' title='bbox 605 1193 672 1239; x_wconf 90' lang='lat' dir='ltr'>haberi</span> <span class='ocrx_word' id='word_1_94' title='bbox 681 1193 750 1237; x_wconf 85' lang='lat' dir='ltr'>exerci-</span> 
     </span>
     <span class='ocr_line' id='line_1_14' title="bbox 62 1266 751 1328; baseline -0.003 -17"><span class='ocrx_word' id='word_1_95' title='bbox 62 1269 111 1311; x_wconf 88' lang='lat' dir='ltr'>tium</span> <span class='ocrx_word' id='word_1_96' title='bbox 123 1268 148 1311; x_wconf 90' lang='lat' dir='ltr'>ad</span> <span class='ocrx_word' id='word_1_97' title='bbox 160 1269 256 1320; x_wconf 88' lang='lat' dir='ltr'>virtutem,</span> <span class='ocrx_word' id='word_1_98' title='bbox 269 1284 312 1312; x_wconf 90' lang='lat' dir='ltr'>cum</span> <span class='ocrx_word' id='word_1_99' title='bbox 324 1283 370 1312; x_wconf 92' lang='lat' dir='ltr'>usus</span> <span class='ocrx_word' id='word_1_100' title='bbox 382 1270 462 1312; x_wconf 89' lang='lat' dir='ltr'>rationis</span> <span class='ocrx_word' id='word_1_101' title='bbox 475 1270 551 1328; x_wconf 87' lang='lat' dir='ltr'>penitus</span> <span class='ocrx_word' id='word_1_102' title='bbox 564 1275 651 1327; x_wconf 84' lang='lat' dir='ltr'>expertes</span> <span class='ocrx_word' id='word_1_103' title='bbox 664 1268 707 1311; x_wconf 91' lang='lat' dir='ltr'>sint.</span> <span class='ocrx_word' id='word_1_104' title='bbox 720 1266 751 1309; x_wconf 92' lang='lat' dir='ltr'>ld·</span> 
     </span>
     <span class='ocr_line' id='line_1_15' title="bbox 62 1341 751 1403; baseline -0.004 -18"><span class='ocrx_word' id='word_1_105' title='bbox 62 1343 118 1394; x_wconf 90' lang='lat' dir='ltr'>circo,</span> <span class='ocrx_word' id='word_1_106' title='bbox 132 1342 212 1386; x_wconf 89' lang='lat' dir='ltr'>tentatio</span> <span class='ocrx_word' id='word_1_107' title='bbox 225 1342 322 1386; x_wconf 90' lang='lat' dir='ltr'>diabolica</span> <span class='ocrx_word' id='word_1_108' title='bbox 334 1343 384 1385; x_wconf 90' lang='lat' dir='ltr'>nihil</span> <span class='ocrx_word' id='word_1_109' title='bbox 397 1341 502 1403; x_wconf 88' lang='lat' dir='ltr'>prodesset,</span> <span class='ocrx_word' id='word_1_110' title='bbox 515 1341 599 1402; x_wconf 89' lang='lat' dir='ltr'>ideoque</span> <span class='ocrx_word' id='word_1_111' title='bbox 612 1348 751 1400; x_wconf 90' lang='lat' dir='ltr'>consequenter</span> 
     </span>
     <span class='ocr_line' id='line_1_16' title="bbox 63 1414 750 1475; baseline 0 -18"><span class='ocrx_word' id='word_1_112' title='bbox 63 1414 163 1475; x_wconf 88' lang='lat' dir='ltr'>deputatio</span> <span class='ocrx_word' id='word_1_113' title='bbox 175 1416 212 1458; x_wconf 91' lang='lat' dir='ltr'>ista</span> <span class='ocrx_word' id='word_1_114' title='bbox 224 1415 300 1458; x_wconf 87' lang='lat' dir='ltr'>nullam</span> <span class='ocrx_word' id='word_1_115' title='bbox 312 1415 391 1459; x_wconf 89' lang='lat' dir='ltr'>haberet</span> <span class='ocrx_word' id='word_1_116' title='bbox 404 1417 499 1459; x_wconf 91' lang='lat' dir='ltr'>rationem</span> <span class='ocrx_word' id='word_1_117' title='bbox 512 1415 593 1459; x_wconf 89' lang='lat' dir='ltr'>essendi.</span> <span class='ocrx_word' id='word_1_118' title='bbox 607 1417 630 1458; x_wconf 89' lang='lat' dir='ltr'>Et</span> <span class='ocrx_word' id='word_1_119' title='bbox 642 1415 695 1458; x_wconf 91' lang='lat' dir='ltr'>idem</span> <span class='ocrx_word' id='word_1_120' title='bbox 708 1428 750 1473; x_wconf 88' lang='lat' dir='ltr'>pro-</span> 
     </span>
     <span class='ocr_line' id='line_1_17' title="bbox 63 1487 751 1548; baseline -0.003 -17"><span class='ocrx_word' id='word_1_121' title='bbox 63 1487 170 1547; x_wconf 90' lang='lat' dir='ltr'>pemodum</span> <span class='ocrx_word' id='word_1_122' title='bbox 177 1487 281 1532; x_wconf 90' lang='lat' dir='ltr'>dicendum</span> <span class='ocrx_word' id='word_1_123' title='bbox 288 1487 365 1532; x_wconf 89' lang='lat' dir='ltr'>videtur</span> <span class='ocrx_word' id='word_1_124' title='bbox 372 1488 397 1532; x_wconf 91' lang='lat' dir='ltr'>de</span> <span class='ocrx_word' id='word_1_125' title='bbox 405 1490 434 1541; x_wconf 88' lang='lat' dir='ltr'>iis,</span> <span class='ocrx_word' id='word_1_126' title='bbox 442 1491 476 1548; x_wconf 92' lang='lat' dir='ltr'>qui</span> <span class='ocrx_word' id='word_1_127' title='bbox 484 1488 602 1532; x_wconf 88' lang='lat' dir='ltr'>omnimodis</span> <span class='ocrx_word' id='word_1_128' title='bbox 611 1489 693 1548; x_wconf 86' lang='lat' dir='ltr'>peccatis</span> <span class='ocrx_word' id='word_1_129' title='bbox 702 1487 751 1530; x_wconf 88' lang='lat' dir='ltr'>adeo</span> 
     </span>
     <span class='ocr_line' id='line_1_18' title="bbox 63 1560 751 1621; baseline 0.001 -18"><span class='ocrx_word' id='word_1_130' title='bbox 63 1561 157 1619; x_wconf 88' lang='lat' dir='ltr'>implicati</span> <span class='ocrx_word' id='word_1_131' title='bbox 164 1568 183 1604; x_wconf 93' lang='lat' dir='ltr'>et</span> <span class='ocrx_word' id='word_1_132' title='bbox 190 1561 286 1621; x_wconf 90' lang='lat' dir='ltr'>deperditi</span> <span class='ocrx_word' id='word_1_133' title='bbox 293 1570 343 1614; x_wconf 90' lang='lat' dir='ltr'>sunt,</span> <span class='ocrx_word' id='word_1_134' title='bbox 351 1561 405 1621; x_wconf 90' lang='lat' dir='ltr'>quod</span> <span class='ocrx_word' id='word_1_135' title='bbox 413 1561 528 1621; x_wconf 83' lang='lat' dir='ltr'>“nequando</span> <span class='ocrx_word' id='word_1_136' title='bbox 536 1564 591 1605; x_wconf 89' lang='lat' dir='ltr'>Deus</span> <span class='ocrx_word' id='word_1_137' title='bbox 598 1560 631 1604; x_wconf 88' lang='lat' dir='ltr'>det</span> <span class='ocrx_word' id='word_1_138' title='bbox 639 1562 678 1604; x_wconf 92' lang='lat' dir='ltr'>illis</span> <span class='ocrx_word' id='word_1_139' title='bbox 686 1562 751 1621; x_wconf 89' lang='lat' dir='ltr'>poeni-</span> 
     </span>
     <span class='ocr_line' id='line_1_19' title="bbox 64 1632 751 1694; baseline -0.001 -18"><span class='ocrx_word' id='word_1_140' title='bbox 64 1634 145 1677; x_wconf 90' lang='lat' dir='ltr'>tentiam</span> <span class='ocrx_word' id='word_1_141' title='bbox 160 1632 185 1677; x_wconf 86' lang='lat' dir='ltr'>ad</span> <span class='ocrx_word' id='word_1_142' title='bbox 200 1633 355 1693; x_wconf 83' lang='lat' dir='ltr'>cognoscendam</span> <span class='ocrx_word' id='word_1_143' title='bbox 368 1636 475 1687; x_wconf 89' lang='lat' dir='ltr'>veritatem,</span> <span class='ocrx_word' id='word_1_144' title='bbox 491 1644 510 1679; x_wconf 91' lang='lat' dir='ltr'>et</span> <span class='ocrx_word' id='word_1_145' title='bbox 525 1637 637 1694; x_wconf 87' lang='lat' dir='ltr'>resipiscant</span> <span class='ocrx_word' id='word_1_146' title='bbox 652 1651 664 1679; x_wconf 92' lang='lat' dir='ltr'>a</span> <span class='ocrx_word' id='word_1_147' title='bbox 678 1633 751 1678; x_wconf 91' lang='lat' dir='ltr'>diaboli</span> 
     </span>
     <span class='ocr_line' id='line_1_20' title="bbox 63 1698 750 1771; baseline -0.004 -17"><span class='ocrx_word' id='word_1_148' title='bbox 63 1711 143 1770; x_wconf 89' lang='lat' dir='ltr'>laqueis,</span> <span class='ocrx_word' id='word_1_149' title='bbox 156 1726 167 1755; x_wconf 90' lang='lat' dir='ltr'>a</span> <span class='ocrx_word' id='word_1_150' title='bbox 178 1725 217 1771; x_wconf 93' lang='lat' dir='ltr'>quo</span> <span class='ocrx_word' id='word_1_151' title='bbox 228 1711 299 1771; x_wconf 88' lang='lat' dir='ltr'>captivi</span> <span class='ocrx_word' id='word_1_152' title='bbox 309 1716 398 1753; x_wconf 91' lang='lat' dir='ltr'>tenentur</span> <span class='ocrx_word' id='word_1_153' title='bbox 410 1708 435 1754; x_wconf 90' lang='lat' dir='ltr'>ad</span> <span class='ocrx_word' id='word_1_154' title='bbox 445 1710 505 1769; x_wconf 86' lang='lat' dir='ltr'>ipsius</span> <span class='ocrx_word' id='word_1_155' title='bbox 516 1709 649 1753; x_wconf 82' lang='lat' dir='ltr'>voluntatem’</span> <span class='ocrx_word' id='word_1_156' title='bbox 665 1708 688 1770; x_wconf 85' lang='lat'>(2</span> <span class='ocrx_word' id='word_1_157' title='bbox 700 1698 750 1752; x_wconf 73' lang='lat' dir='ltr'>Tim.</span> 
     </span>
     <span class='ocr_line' id='line_1_21' title="bbox 21 1775 752 1844; baseline -0.003 -17"><span class='ocrx_word' id='word_1_158' title='bbox 21 1775 24 1779; x_wconf 44' lang='lat'><em>⁷</em></span> <span class='ocrx_word' id='word_1_159' title='bbox 65 1790 76 1827; x_wconf 81' lang='lat'><strong>2</strong></span> <span class='ocrx_word' id='word_1_160' title='bbox 92 1784 155 1844; x_wconf 74' lang='lat'><strong>26).²⁹</strong></span> <span class='ocrx_word' id='word_1_161' title='bbox 169 1786 214 1827; x_wconf 92' lang='lat' dir='ltr'>Hoc</span> <span class='ocrx_word' id='word_1_162' title='bbox 229 1789 370 1842; x_wconf 85' lang='lat' dir='ltr'>argumentum,</span> <span class='ocrx_word' id='word_1_163' title='bbox 385 1784 453 1826; x_wconf 87' lang='lat' dir='ltr'>saltem</span> <span class='ocrx_word' id='word_1_164' title='bbox 468 1782 533 1842; x_wconf 90' lang='lat' dir='ltr'>quoad</span> <span class='ocrx_word' id='word_1_165' title='bbox 547 1797 618 1842; x_wconf 91' lang='lat' dir='ltr'>pueros</span> <span class='ocrx_word' id='word_1_166' title='bbox 632 1791 652 1826; x_wconf 90' lang='lat' dir='ltr'>et</span> <span class='ocrx_word' id='word_1_167' title='bbox 666 1790 752 1825; x_wconf 85' lang='lat' dir='ltr'>amentes</span> 
     </span>
     <span class='ocr_line' id='line_1_22' title="bbox 64 1855 752 1915; baseline -0.001 -16"><span class='ocrx_word' id='word_1_168' title='bbox 64 1859 144 1900; x_wconf 90' lang='lat' dir='ltr'>omnino</span> <span class='ocrx_word' id='word_1_169' title='bbox 158 1857 273 1900; x_wconf 88' lang='lat' dir='ltr'>convincens</span> <span class='ocrx_word' id='word_1_170' title='bbox 286 1856 368 1899; x_wconf 88' lang='lat' dir='ltr'>videtur.</span> <span class='ocrx_word' id='word_1_171' title='bbox 383 1857 512 1915; x_wconf 79' lang='lat' dir='ltr'>Consequitur</span> <span class='ocrx_word' id='word_1_172' title='bbox 527 1864 598 1907; x_wconf 86' lang='lat' dir='ltr'>autem,</span> <span class='ocrx_word' id='word_1_173' title='bbox 612 1857 683 1899; x_wconf 89' lang='lat' dir='ltr'>thesim</span> <span class='ocrx_word' id='word_1_174' title='bbox 696 1855 752 1898; x_wconf 87' lang='lat' dir='ltr'>illam</span> 
     </span>
     <span class='ocr_line' id='line_1_23' title="bbox 65 1928 752 1990; baseline 0 -18"><span class='ocrx_word' id='word_1_175' title='bbox 65 1944 105 1973; x_wconf 89' lang='lat' dir='ltr'>non</span> <span class='ocrx_word' id='word_1_176' title='bbox 117 1944 174 1990; x_wconf 90' lang='lat' dir='ltr'>posse</span> <span class='ocrx_word' id='word_1_177' title='bbox 185 1932 206 1972; x_wconf 92' lang='lat' dir='ltr'>in</span> <span class='ocrx_word' id='word_1_178' title='bbox 219 1944 252 1972; x_wconf 90' lang='lat' dir='ltr'>sua</span> <span class='ocrx_word' id='word_1_179' title='bbox 264 1930 408 1972; x_wconf 89' lang='lat' dir='ltr'>universalitate</span> <span class='ocrx_word' id='word_1_180' title='bbox 420 1930 514 1981; x_wconf 86' lang='lat' dir='ltr'>sustineri,</span> <span class='ocrx_word' id='word_1_181' title='bbox 527 1938 549 1972; x_wconf 92' lang='lat' dir='ltr'>ut</span> <span class='ocrx_word' id='word_1_182' title='bbox 561 1928 635 1972; x_wconf 89' lang='lat' dir='ltr'>dicatur</span> <span class='ocrx_word' id='word_1_183' title='bbox 647 1929 752 1972; x_wconf 90' lang='lat' dir='ltr'>daemones</span> 
     </span>
     <span class='ocr_line' id='line_1_24' title="bbox 65 2001 752 2063; baseline -0.003 -17"><span class='ocrx_word' id='word_1_184' title='bbox 65 2003 158 2060; x_wconf 82' lang='lat' dir='ltr'>assignari</span> <span class='ocrx_word' id='word_1_185' title='bbox 173 2001 262 2046; x_wconf 81' lang='lat' dir='ltr'>omnibns</span> <span class='ocrx_word' id='word_1_186' title='bbox 277 2013 295 2045; x_wconf 83' lang='lat' dir='ltr'>er</span> <span class='ocrx_word' id='word_1_187' title='bbox 309 2001 391 2061; x_wconf 80' lang='lat' dir='ltr'>singulis</span> <span class='ocrx_word' id='word_1_188' title='bbox 404 2002 515 2047; x_wconf 90' lang='lat' dir='ltr'>hominibus</span> <span class='ocrx_word' id='word_1_189' title='bbox 529 2001 667 2063; x_wconf 84' lang='lat' dir='ltr'>impugnandis</span> <span class='ocrx_word' id='word_1_190' title='bbox 682 2002 707 2046; x_wconf 90' lang='lat' dir='ltr'>ad</span> <span class='ocrx_word' id='word_1_191' title='bbox 721 2017 752 2046; x_wconf 82' lang='lat' dir='ltr'>ex-</span> 
     </span>
     <span class='ocr_line' id='line_1_25' title="bbox 65 2076 228 2130; baseline 0.012 -13"><span class='ocrx_word' id='word_1_192' title='bbox 65 2076 158 2118; x_wconf 89' lang='lat' dir='ltr'>ercitium.</span> <span class='ocrx_word' id='word_1_193' title='bbox 226 2128 228 2130; x_wconf 12' lang='lat' dir='ltr'>v</span> 
     </span>
    </p>

    <p class='ocr_par' dir='ltr' id='par_1_6' title="bbox 65 2147 753 2574">
     <span class='ocr_line' id='line_1_26' title="bbox 104 2147 752 2209; baseline 0.002 -19"><span class='ocrx_word' id='word_1_194' title='bbox 104 2148 238 2191; x_wconf 81' lang='lat' dir='ltr'>Communiter</span> <span class='ocrx_word' id='word_1_195' title='bbox 247 2149 305 2191; x_wconf 90' lang='lat' dir='ltr'>etiam</span> <span class='ocrx_word' id='word_1_196' title='bbox 316 2147 399 2201; x_wconf 88' lang='lat' dir='ltr'>additur,</span> <span class='ocrx_word' id='word_1_197' title='bbox 410 2149 531 2200; x_wconf 86' lang='lat' dir='ltr'>CHRISTO,</span> <span class='ocrx_word' id='word_1_198' title='bbox 542 2163 600 2209; x_wconf 90' lang='lat' dir='ltr'>quem</span> <span class='ocrx_word' id='word_1_199' title='bbox 611 2163 681 2209; x_wconf 90' lang='lat' dir='ltr'>purum</span> <span class='ocrx_word' id='word_1_200' title='bbox 691 2150 752 2192; x_wconf 89' lang='lat' dir='ltr'>horni-</span> 
     </span>
     <span class='ocr_line' id='line_1_27' title="bbox 65 2220 753 2281; baseline 0.003 -17"><span class='ocrx_word' id='word_1_201' title='bbox 65 2236 111 2264; x_wconf 88' lang='lat' dir='ltr'>nem</span> <span class='ocrx_word' id='word_1_202' title='bbox 124 2220 229 2265; x_wconf 82' lang='lat' dir='ltr'>daemones</span> <span class='ocrx_word' id='word_1_203' title='bbox 242 2221 382 2273; x_wconf 84' lang='lat' dir='ltr'>existimabant,</span> <span class='ocrx_word' id='word_1_204' title='bbox 396 2236 437 2265; x_wconf 90' lang='lat' dir='ltr'>non</span> <span class='ocrx_word' id='word_1_205' title='bbox 450 2236 525 2281; x_wconf 88' lang='lat' dir='ltr'>semper</span> <span class='ocrx_word' id='word_1_206' title='bbox 539 2221 624 2266; x_wconf 83' lang='lat' dir='ltr'>adfuisse</span> <span class='ocrx_word' id='word_1_207' title='bbox 638 2221 753 2267; x_wconf 89' lang='lat' dir='ltr'>daemonem</span> 
     </span>
     <span class='ocr_line' id='line_1_28' title="bbox 65 2283 753 2346; baseline 0.004 -10"><span class='ocrx_word' id='word_1_208' title='bbox 65 2300 187 2346; x_wconf 87' lang='lat' dir='ltr'>tentatorem,</span> <span class='ocrx_word' id='word_1_209' title='bbox 197 2293 302 2337; x_wconf 86' lang='lat' dir='ltr'>secundum</span> <span class='ocrx_word' id='word_1_210' title='bbox 309 2293 360 2337; x_wconf 90' lang='lat' dir='ltr'>illud</span> <span class='ocrx_word' id='word_1_211' title='bbox 367 2296 405 2337; x_wconf 86' lang='lat' dir='ltr'>Mt.</span> <span class='ocrx_word' id='word_1_212' title='bbox 414 2296 427 2337; x_wconf 76' lang='lat' dir='ltr'>l</span> <span class='ocrx_word' id='word_1_213' title='bbox 437 2283 459 2337; x_wconf 86' lang='grc'>11</span> <span class='ocrx_word' id='word_1_214' title='bbox 469 2303 489 2339; x_wconf 94' lang='lat' dir='ltr'>et</span> <span class='ocrx_word' id='word_1_215' title='bbox 496 2296 541 2338; x_wconf 84' lang='lat' dir='ltr'>Luc.</span> <span class='ocrx_word' id='word_1_216' title='bbox 550 2296 563 2338; x_wconf 80' lang='grc'><strong>4</strong></span> <span class='ocrx_word' id='word_1_217' title='bbox 572 2302 604 2342; x_wconf 74' lang='lat'>13:</span> <span class='ocrx_word' id='word_1_218' title='bbox 616 2294 717 2340; x_wconf 77' lang='lat' dir='ltr'>“diabolus</span> <span class='ocrx_word' id='word_1_219' title='bbox 725 2311 753 2340; x_wconf 94' lang='lat' dir='ltr'>re-</span> 
     </span>
     <span class='ocr_line' id='line_1_29' title="bbox 66 2366 753 2429; baseline 0.007 -20"><span class='ocrx_word' id='word_1_220' title='bbox 66 2367 121 2410; x_wconf 89' lang='lat' dir='ltr'>cessit</span> <span class='ocrx_word' id='word_1_221' title='bbox 134 2367 158 2411; x_wconf 90' lang='lat' dir='ltr'>ab</span> <span class='ocrx_word' id='word_1_222' title='bbox 171 2367 212 2419; x_wconf 85' lang='lat' dir='ltr'>illo,</span> <span class='ocrx_word' id='word_1_223' title='bbox 226 2382 287 2427; x_wconf 89' lang='lat' dir='ltr'>usque</span> <span class='ocrx_word' id='word_1_224' title='bbox 301 2366 326 2411; x_wconf 92' lang='lat' dir='ltr'>ad</span> <span class='ocrx_word' id='word_1_225' title='bbox 338 2369 433 2427; x_wconf 86' lang='lat' dir='ltr'>tempus,’&#39;</span> <span class='ocrx_word' id='word_1_226' title='bbox 448 2368 496 2412; x_wconf 91' lang='lat' dir='ltr'>sicut</span> <span class='ocrx_word' id='word_1_227' title='bbox 508 2369 560 2429; x_wconf 89' lang='lat' dir='ltr'>prius</span> <span class='ocrx_word' id='word_1_228' title='bbox 574 2369 647 2413; x_wconf 89' lang='lat' dir='ltr'>dictum</span> <span class='ocrx_word' id='word_1_229' title='bbox 660 2378 700 2414; x_wconf 92' lang='lat' dir='ltr'>erat</span> <span class='ocrx_word' id='word_1_230' title='bbox 714 2370 753 2414; x_wconf 91' lang='lat' dir='ltr'>dia·</span> 
     </span>
     <span class='ocr_line' id='line_1_30' title="bbox 66 2439 753 2503; baseline 0.006 -19"><span class='ocrx_word' id='word_1_231' title='bbox 66 2439 134 2485; x_wconf 89' lang='lat' dir='ltr'>bolum</span> <span class='ocrx_word' id='word_1_232' title='bbox 146 2441 246 2485; x_wconf 81' lang='lat' dir='ltr'>accessisse</span> <span class='ocrx_word' id='word_1_233' title='bbox 259 2440 285 2484; x_wconf 89' lang='lat' dir='ltr'>ad</span> <span class='ocrx_word' id='word_1_234' title='bbox 298 2456 348 2484; x_wconf 55' lang='lat' dir='ltr'>eum,</span> <span class='ocrx_word' id='word_1_235' title='bbox 369 2441 388 2485; x_wconf 82' lang='lat' dir='ltr'>Si</span> <span class='ocrx_word' id='word_1_236' title='bbox 402 2450 467 2486; x_wconf 90' lang='lat' dir='ltr'>autem</span> <span class='ocrx_word' id='word_1_237' title='bbox 481 2458 492 2486; x_wconf 90' lang='lat' dir='ltr'>a</span> <span class='ocrx_word' id='word_1_238' title='bbox 505 2444 592 2503; x_wconf 89' lang='lat' dir='ltr'>principe</span> <span class='ocrx_word' id='word_1_239' title='bbox 606 2443 753 2488; x_wconf 90' lang='lat' dir='ltr'>daemoniorum</span> 
     </span>
     <span class='ocr_line' id='line_1_31' title="bbox 66 2513 753 2574; baseline 0.006 -16"><span class='ocrx_word' id='word_1_240' title='bbox 66 2513 170 2558; x_wconf 89' lang='lat' dir='ltr'>daemones</span> <span class='ocrx_word' id='word_1_241' title='bbox 184 2513 328 2574; x_wconf 88' lang='lat' dir='ltr'>deputarentur,</span> <span class='ocrx_word' id='word_1_242' title='bbox 343 2516 402 2559; x_wconf 90' lang='lat' dir='ltr'>etiam</span> <span class='ocrx_word' id='word_1_243' title='bbox 415 2517 502 2560; x_wconf 84' lang='lat' dir='ltr'>Christus</span> <span class='ocrx_word' id='word_1_244' title='bbox 516 2531 577 2561; x_wconf 92' lang='lat' dir='ltr'>unum</span> <span class='ocrx_word' id='word_1_245' title='bbox 591 2517 694 2571; x_wconf 90' lang='lat' dir='ltr'>habuisset,</span> <span class='ocrx_word' id='word_1_246' title='bbox 709 2533 753 2562; x_wconf 90' lang='lat' dir='ltr'>cum</span> 
     </span>
    </p>
   </div>
   <div class='ocr_carea' id='block_1_5' title="bbox 65 2601 127 2608">
    <p class='ocr_par' dir='ltr' id='par_1_7' title="bbox 65 2601 127 2608">
     <span class='ocr_line' id='line_1_32' title="bbox 65 2601 127 2608; baseline 0.016 -1"><span class='ocrx_word' id='word_1_247' title='bbox 65 2601 127 2608; x_wconf 80' lang='lat'>—-.</span> 
     </span>
    </p>
   </div>
   <div class='ocr_carea' id='block_1_6' title="bbox 107 2630 514 2715">
    <p class='ocr_par' dir='ltr' id='par_1_8' title="bbox 107 2630 514 2715">
     <span class='ocr_line' id='line_1_33' title="bbox 107 2630 498 2674; baseline 0.003 -10"><span class='ocrx_word' id='word_1_248' title='bbox 107 2634 131 2664; x_wconf 84' lang='lat'>28.</span> <span class='ocrx_word' id='word_1_249' title='bbox 142 2631 200 2670; x_wconf 84' lang='lat' dir='ltr'>Suarez,</span> <span class='ocrx_word' id='word_1_250' title='bbox 213 2632 237 2664; x_wconf 87' lang='lat' dir='ltr'>De</span> <span class='ocrx_word' id='word_1_251' title='bbox 249 2630 316 2673; x_wconf 76' lang='lat' dir='ltr'>Angelis,</span> <span class='ocrx_word' id='word_1_252' title='bbox 330 2635 339 2665; x_wconf 91' lang='lat'>8</span> <span class='ocrx_word' id='word_1_253' title='bbox 353 2635 370 2664; x_wconf 86' lang='lat'>21</span> <span class='ocrx_word' id='word_1_254' title='bbox 385 2635 412 2671; x_wconf 77' lang='lat'>313</span> <span class='ocrx_word' id='word_1_255' title='bbox 425 2641 440 2674; x_wconf 84' lang='lat' dir='ltr'>p.</span> <span class='ocrx_word' id='word_1_256' title='bbox 454 2636 498 2669; x_wconf 85' lang='lat'>1097.</span> 
     </span>
     <span class='ocr_line' id='line_1_34' title="bbox 107 2672 514 2715; baseline 0.01 -10"><span class='ocrx_word' id='word_1_257' title='bbox 107 2677 131 2709; x_wconf 88' lang='lat'>29.</span> <span class='ocrx_word' id='word_1_258' title='bbox 141 2672 182 2706; x_wconf 90' lang='lat' dir='ltr'>Vide</span> <span class='ocrx_word' id='word_1_259' title='bbox 191 2674 253 2712; x_wconf 84' lang='lat' dir='ltr'>Estium,</span> <span class='ocrx_word' id='word_1_260' title='bbox 263 2678 273 2707; x_wconf 88' lang='lat'>2</span> <span class='ocrx_word' id='word_1_261' title='bbox 283 2675 327 2712; x_wconf 74' lang='lat' dir='ltr'>Sem,</span> <span class='ocrx_word' id='word_1_262' title='bbox 338 2673 353 2706; x_wconf 88' lang='lat' dir='ltr'>d.</span> <span class='ocrx_word' id='word_1_263' title='bbox 364 2678 382 2707; x_wconf 88' lang='grc'>11</span> <span class='ocrx_word' id='word_1_264' title='bbox 392 2683 424 2715; x_wconf 54' lang='grc' dir='ltr'>ραι</span> <span class='ocrx_word' id='word_1_265' title='bbox 434 2676 469 2714; x_wconf 56' lang='lat'>431</span> <span class='ocrx_word' id='word_1_266' title='bbox 480 2680 514 2709; x_wconf 84' lang='grc'>101,</span> 
     </span>
    </p>
   </div>
   <div class='ocr_carea' id='block_1_7' title="bbox 0 0 843 3045">
    <p class='ocr_par' dir='ltr' id='par_1_9' title="bbox 0 0 843 3045">
     <span class='ocr_line' id='line_1_35' title="bbox 0 0 843 3045; baseline 0 0"><span class='ocrx_word' id='word_1_267' title='bbox 0 0 843 3045; x_wconf 95' lang='lat' dir='ltr'> </span> 
     </span>
    </p>
   </div>
  </div>
 </body>
</html>
