1657 3045
260 131 361 168 Dnurroua
374 132 516 167 Inrueunrone
710 133 731 165 21

46 259 147 305 invenitur.
163 259 241 309 Iterum,
250 272 274 301 ex
282 271 312 308 eu,
321 256 374 316 quod
383 256 468 300 diversos
477 256 582 300 daemones
591 256 637 299 dicit
645 269 733 315 praeesse

46 336 125 382 diversis
134 334 191 387 vitiis,
201 335 296 393 Origenes
305 333 381 378 videtur
390 335 493 387 insinuare,
503 333 568 393 plures
578 347 619 377 esse
629 332 733 376 daemones

46 413 127 472 singulis
134 411 251 464 hominibus,
259 413 294 455 etsi
301 411 354 455 forse
361 426 401 454 non
409 413 504 463 continue,
513 411 644 455 adhaerentes.
652 434 679 440 -
687 411 734 453 Cae-

22 476 24 478 ·
47 488 206 541 terum-difficile
218 496 252 541 est,
266 490 373 546 Origenem
386 487 409 532 ab
423 490 570 546 exaggeratione
582 490 603 531 in
615 489 697 532 materia
709 486 734 530 de
766 473 768 476 ’

47 568 120 626 angelis
132 580 242 610 exonerare.

85 654 149 698 Modo
159 653 229 697 deinde
238 654 301 712 magis
310 653 438 698 determinato
448 653 536 697 eamdem
546 654 570 697 de
580 654 653 714 duplici
663 653 733 711 angelo

49 733 163 776 sententiam
173 734 266 791 proponit
276 734 297 774 in
308 734 368 774 Horra¹
380 737 404 778 35
416 732 436 774 ira
447 732 509 773 Lac.²²
520 733 541 772 in
552 746 590 790 qua
601 747 644 775 eam
655 731 734 774 adhibet

48 809 73 854 ad
82 809 186 868 allegorice
195 808 332 869 explicandum
341 807 400 853 verba
410 809 481 852 Christi
491 808 543 867 apud
554 810 625 852 Lucam
638 808 673 869 (12
685 807 731 868 58):

49 889 111 931 “Cum
122 894 186 930 autem
194 887 250 930 vadis
260 902 304 930 cum
315 887 423 931 adversario
435 894 468 930 tuo
479 887 504 930 ad
514 887 627 945 principem,
637 889 658 929 in
667 889 699 929 via
710 885 735 929 da

49 979 128 1024 operam
138 963 216 1008 liberari
226 964 250 1009 ab
261 965 302 1017 illo,
314 979 339 1008 ne
350 964 402 1008 torte
412 966 476 1008 trahat
486 971 505 1008 te
516 964 541 1007 ad
552 963 636 1008 iudicem
647 972 666 1008 et
677 963 735 1007 iudex

50 1041 112 1085 tradat
123 1048 143 1084 te
154 1044 243 1094 exactori,
256 1050 275 1085 et
286 1049 363 1086 exactor
373 1043 438 1085 mittat
449 1050 469 1085 te
479 1043 500 1084 in
511 1043 623 1085 carcerem.''
636 1043 682 1084 Huc
692 1042 735 1084 Ori-

47 1134 107 1178 genes
116 1119 208 1162 lectorem
217 1120 277 1164 refert
287 1120 312 1164 ad
321 1123 420 1164 Pastorem
429 1123 521 1172 Hermae,
531 1119 565 1163 ubi
575 1121 672 1163 “inveniet
681 1134 735 1164 cunc-

49 1197 73 1239 tis
81 1196 193 1240 hominibus
202 1196 251 1240 duos
262 1196 328 1241 adesse
338 1197 425 1256 angelos:
437 1197 517 1249 malum,
528 1198 561 1256 qui
572 1197 596 1240 ad
606 1212 695 1256 perversa
706 1212 736 1239 ex-

49 1274 142 1325 hortatur,
153 1281 173 1317 et
181 1272 255 1317 honum
265 1275 299 1334 qui
309 1274 334 1318 ad
344 1276 419 1334 optima
428 1289 516 1335 quaeque
527 1274 635 1334 persuadet.
647 1274 737 1318 Scribitur

50 1355 102 1407 alibi,
112 1353 165 1414 quod
176 1354 265 1397 assistant
274 1353 355 1405 homini,
366 1353 406 1395 sive
415 1354 436 1395 in
444 1352 522 1404 bonam,
533 1353 602 1396 sivein
612 1353 685 1396 malam
694 1367 736 1412 par-

50 1439 89 1476 tem
100 1431 186 1492 duplices
198 1432 281 1490 angeli.’'
300 1430 360 1474 Paulo
372 1429 430 1483 infra,
442 1429 542 1474 redeundo
554 1429 579 1474 ad
589 1430 648 1475 verba
659 1431 736 1482 Christi,

50 1511 186 1570 interpretatur
199 1508 330 1554 adversarium
343 1516 365 1552 ut
377 1507 483 1562 diabolum,
497 1516 517 1552 et
530 1507 583 1553 dicit:
600 1510 690 1569 “Semper
703 1524 737 1552 no-

50 1588 123 1633 biscum
134 1596 162 1631 est
173 1587 298 1631 adversarius.
307 1622 311 1631 .
320 1621 324 1630 .
333 1622 337 1630 .
345 1588 424 1648 Semper
434 1585 535 1630 nobiscum
545 1586 664 1630 adversarius
674 1586 737 1647 gradi-

51 1673 87 1718 tur,
100 1680 208 1725 numquam
220 1681 256 1710 nos
270 1665 345 1709 deserit.
354 1700 358 1708 .
367 1700 371 1709 .
381 1667 415 1709 .Et
428 1665 560 1724 unusquisque
572 1673 660 1709 nostrum
674 1680 738 1709 secum

51 1743 109 1787 habet
121 1743 251 1786 adversarium
263 1745 403 1794 cohaerentem,
416 1744 469 1786 cuius
481 1757 530 1802 opus
543 1750 571 1786 est
583 1743 652 1787 ducere
664 1758 700 1786 nos
713 1743 738 1786 ad

51 1822 170 1879 principem.
179 1856 183 1864 .
192 1855 196 1863 .
205 1822 239 1873 ”³²³
251 1821 276 1864 ad
287 1820 395 1880 praesidem
405 1822 497 1863 nimirum
508 1819 647 1864 daemonem²4

90 1911 152 1952 Instar
161 1908 289 1952 conclusionis
298 1923 334 1968 pro
344 1907 477 1952 huiuscemodi
486 1910 606 1968 expositione
615 1911 686 1952 mentis
695 1911 738 1953 Orl-

52 1988 106 2045 genis
118 1987 168 2031 circa
179 1988 229 2031 hanc
241 1988 373 2047 quaestionem
385 1987 481 2046 optimum
493 1986 586 2046 praebent
599 2002 660 2048 pauca
674 1988 739 2048 aliqua

52 2063 110 2108 verba
119 2066 140 2107 in
149 2078 208 2124 opere
218 2079 253 2108 suo
264 2066 336 2109 Contra
346 2063 429 2117 Celsum,
441 2064 494 2124 quod
504 2066 583 2110 maioris
593 2081 617 2110 ex
627 2081 650 2110 eo
661 2073 689 2110 est
699 2081 739 2110 mo·

52 2143 118 2194 menti,
133 2143 179 2201 quia
193 2150 279 2186 mentem
293 2144 353 2202 ipsius
368 2157 426 2202 quam
439 2144 524 2186 maxime
538 2151 635 2187 maturam
649 2144 739 2187 ostendit.

53 2219 160 2280 Loquendo
175 2219 199 2264 de
213 2220 321 2264 iuramento
335 2222 449 2279 Imperatori
464 2220 561 2274 faciendo,
576 2237 611 2282 per
625 2223 680 2282 quod
693 2238 740 2266 non·

53 2298 103 2340 nulli
117 2297 233 2342 daemonem
246 2298 330 2342 adiurati
344 2297 438 2350 dicebant,
454 2299 506 2342 ait:²⁵
522 2300 554 2342 “et
566 2300 604 2344 hoc
617 2300 677 2344 modo
691 2302 741 2343 mori

53 2374 109 2418 nobis
125 2376 189 2434 potius
206 2383 240 2428 est,
256 2390 315 2436 quam
331 2376 394 2419 iurare
409 2389 443 2435 per
458 2377 533 2420 malum
550 2385 569 2420 et
584 2378 681 2438 perfidum
697 2379 740 2423 dae·

53 2484 115 2493 ξ.

96 2541 121 2569 22.
132 2538 210 2577 Origenes,
222 2538 268 2570 Hora.
281 2542 300 2573 35
313 2538 328 2570 ir
341 2538 375 2570 Luc.
390 2536 431 2578 (PG.
445 2542 463 2573 13
477 2538 580 2580 resa-1890).

95 2587 119 2619 23.
131 2582 169 2617 lbr'd.
183 2583 220 2625 (col.
233 2585 288 2626 1891).

95 2632 119 2664 24,
129 2632 145 2664 P.
153 2632 194 2664 Dan.
203 2633 281 2671 Huetiunr,
291 2632 386 2672 Origem'ana
396 2636 404 2664 2
414 2642 426 2665 c,
436 2636 445 2665 2
455 2643 470 2672 q.
481 2637 488 2668 5
498 2645 513 2666 n.
524 2637 542 2669 30
555 2633 595 2674 (PG.
605 2638 623 2669 17
634 2634 680 2675 881).

97 2681 121 2712 25.
131 2678 186 2709 Contra
196 2677 260 2717 Celsum,
270 2683 279 2712 8
288 2690 303 2711 n.
313 2680 332 2713 65
344 2678 384 2720 (PG.
395 2683 412 2711 ll
424 2679 480 2718 1615).
