1657 3045
341 134 441 173 Asnaum
711 137 735 175 89

47 261 167 314 “Quicumque
176 274 217 312 ergo
227 260 281 299 fortes
290 268 330 299 sunt
339 261 358 298 in
367 260 402 299 fide
411 260 489 306 Domini,
500 267 517 299 et
526 259 582 298 induti
592 266 632 298 sunt
641 259 733 305 veritatem,

46 318 108 358 talibus
116 318 203 371 spiritibus
212 331 247 357 non
255 319 349 370 iunguntur
357 317 387 357 sed
395 318 484 357 discedunt
492 318 513 357 ab
521 317 572 356 illis.”

88 388 165 426 OPERA
174 388 309 436 UTRIUSQUE
318 387 505 427 COGNOSCENDA.
512 388 568 425 -Ita
578 385 664 438 descriptis
673 385 735 437 spiriti·
755 428 757 430 ,

46 445 78 484 bus
95 446 230 498 aequanimitatis
247 452 264 484 et
280 446 371 497 patientiae
388 457 455 483 necnon
471 443 573 491 iracundiae,
591 443 701 482 dubitationis
718 448 735 480 et

46 504 127 550 tristitiae,
138 502 214 555 procedit
223 504 242 542 in
251 506 267 550 6,
279 509 287 541 l
299 505 338 542 “De
347 502 457 554 agnoscendis
467 504 599 555 uniuscuiusque
607 502 683 540 hominis
692 500 733 539 duo·

47 556 79 595 bus
93 557 164 607 angelis,
179 562 196 594 et
210 557 297 609 utriusque
313 556 468 608 inspirationibus.''
489 557 543 602 Tunc,
559 555 670 607 praefigendo
684 553 734 599 istud,

42 615 101 652 f'Duo
113 619 152 652 sunt
165 613 221 664 angeli
233 627 272 652 cum
284 614 362 652 homine:
375 626 419 651 unus
431 613 504 652 iustitiae
516 620 533 652 et
545 626 589 651 unus
602 612 704 665 nequitiae,”
718 612 736 648 in

49 673 65 716 6,
76 676 86 709 2
96 677 183 709 enumerat
191 672 245 723 signa,
255 671 300 710 bona
310 672 391 709 nimirum
400 682 451 723 opera
460 684 508 724 quae,
518 676 605 723 praesente
615 671 675 723 spiritu
684 669 735 714 bono,

47 727 66 767 in
75 742 104 768 cor
114 729 211 775 ascendunt,
222 730 265 768 sicut
274 730 325 768 etiam
335 730 381 774 vitia,
392 735 479 781 praesente
489 729 549 781 spiritu
559 729 609 767 malo.
626 728 673 766 Huic
682 728 734 779 igitur

49 794 84 818 non
92 787 117 819 est
124 781 228 819 credendum
235 782 265 819 sed
273 782 294 819 ab
302 794 322 819 eo
330 781 449 826 recedendum,
457 781 483 818 illi
490 794 531 819 vero
539 780 647 819 credendum.
663 781 736 818 “Omnis

49 839 96 877 enim
104 839 189 890 spiritus,''
199 839 223 877 ait
231 839 250 877 in
259 844 287 884 10,
297 844 313 884 2,
324 840 344 877 “a
353 839 392 877 Deo
401 837 450 876 datus
459 850 495 877 non
503 839 624 888 interrogatum
634 837 664 876 sed
672 837 736 877 habens

48 896 128 934 virtutem
140 896 238 942 divinitatis,
251 909 260 934 a
272 908 290 934 se
301 896 359 934 omnia
370 895 455 948 loquitu13
467 896 507 948 quia
520 895 607 933 desursum
618 901 643 933 est
654 908 664 933 a
675 895 737 933 virtute

50 952 104 992 divini
114 954 199 1006 spiritus.¹'
217 954 280 992 Omnis
291 966 332 1004 ergo
342 953 397 993 bonus
408 954 481 1005 spiritus,
493 953 531 999 scil„
539 953 628 1004 inspiratio
638 966 667 991 seu
677 952 736 997 motio,

49 1011 71 1051 ab
84 1012 122 1064 ipso
136 1013 175 1050 Deo
189 1017 218 1058 est,
233 1012 276 1050 sicut
289 1011 352 1064 passim
366 1010 415 1050 docet
428 1011 500 1063 ipsamet
514 1012 561 1049 Sacra
575 1011 664 1063 Scriptura.
684 1009 737 1060 Quod

49 1076 106 1107 autem
117 1068 216 1107 huiusmodi
228 1069 297 1121 spiritus
308 1082 344 1107 non
355 1069 377 1106 sit
388 1068 487 1120 personalis,
499 1082 520 1106 ex
532 1082 552 1106 eo
564 1075 610 1120 patet
621 1067 669 1121 quod
680 1070 738 1105 Pastor

50 1140 89 1164 eum
99 1127 174 1172 cruciari,
185 1127 247 1172 vexari,
258 1127 355 1177 angustiari,
367 1126 417 1172 laedi,
428 1132 458 1164 etc.
470 1126 555 1178 repetities
566 1125 611 1164 dicit.

91 1194 192 1233 SPIRITUS
202 1194 322 1233 COELESTIS
331 1194 360 1232 ET
370 1194 471 1232 SPIRITUS
480 1193 619 1232 TERRESTRIS.
626 1193 738 1245 —Spiritum

51 1253 102 1291 istum
111 1258 188 1291 sanctum
197 1258 214 1290 et
223 1251 313 1299 coelestem
322 1265 357 1290 esse
367 1252 456 1299 desursum
465 1265 474 1290 a
484 1252 523 1290 Deo
533 1258 550 1289 et
559 1264 621 1302 magna
630 1252 692 1289 virtute
701 1250 738 1303 pol-

51 1310 114 1349 lentem
128 1310 149 1349 ad
163 1309 218 1349 bonos
232 1309 297 1348 fructus
310 1308 435 1362 producendos,
449 1308 502 1348 modo
515 1310 558 1348 sicut
571 1322 644 1360 granum
657 1310 676 1347 in
689 1315 737 1354 terra,

51 1367 149 1413 fatendum3
163 1368 231 1419 spiritus
244 1373 300 1405 autern
312 1367 367 1405 malus
380 1373 405 1405 est
417 1368 503 1412 terrestris,
516 1380 583 1412 vacuus,
597 1367 663 1404 nullam
674 1367 738 1405 habens

50 1426 135 1463 virmtem.
152 1427 178 1463 Ita
187 1426 206 1462 in
217 1430 244 1471 11,
257 1429 274 1463 l:
287 1424 352 1463 “Proba
362 1437 403 1475 ergo
414 1423 435 1462 de
444 1424 479 1462 vita
489 1430 506 1462 et
515 1423 594 1476 operibus
604 1425 698 1470 hominem,
709 1424 738 1476 qui

52 1482 93 1522 dicit
104 1496 122 1522 se
134 1483 213 1535 spiritum
224 1489 300 1521 sanctum
312 1481 378 1521 habere,
397 1482 425 1520 Tu
436 1488 493 1520 autem
504 1481 553 1521 crede
565 1482 631 1534 spiritui
643 1482 718 1520 venienti
730 1494 739 1519 a

50 1543 94 1587 Deo,
104 1540 173 1579 habenti
181 1541 266 1578 virtutem.
282 1541 351 1592 Spiritui
360 1547 416 1578 autem
424 1540 497 1578 terrestri
506 1553 564 1586 vacuo,
573 1541 603 1592 qui
612 1553 622 1577 a
630 1539 699 1578 diabolo
707 1546 737 1585 est,

52 1594 71 1631 in
82 1606 117 1646 quo
128 1592 170 1631 fides
183 1606 218 1631 non
229 1599 254 1631 est
265 1605 321 1645 neque
332 1593 390 1640 virtus,
402 1591 470 1631 credere
481 1592 534 1631 noli.'’
552 1592 633 1631 Eamdem
645 1591 701 1630 ideam
712 1604 739 1644 ap-

52 1651 104 1703 plicat
112 1650 133 1688 ad
141 1651 221 1689 virtutem
228 1649 268 1688 fidei
277 1651 347 1703 eiusque
354 1650 457 1702 oppositum,
467 1649 595 1696 dubitationem,
604 1651 623 1688 in
629 1656 646 1695 9,
656 1656 673 1689 l:
685 1649 741 1689 “Vide

53 1721 94 1759 ergo
105 1707 228 1750 dubitationem
236 1707 285 1753 hanc,
296 1720 347 1760 quam
356 1707 450 1759 perniciosa
460 1707 482 1746 sit
491 1713 508 1745 et
518 1720 571 1753 saeva,
582 1714 599 1745 et
608 1707 671 1745 multos
682 1706 740 1745 radici·
803 1700 805 1707 ¹

51 1772 78 1804 tus
86 1765 147 1804 evellat
155 1766 204 1804 afide
212 1766 263 1804 etiam
271 1765 320 1803 valde
326 1765 385 1804 fideles
393 1772 409 1804 et
417 1765 480 1804 firmos.
489 1766 556 1803 Etenim
563 1766 604 1804 haec
613 1765 696 1804 dubitatio
703 1765 739 1803 filia

53 1825 79 1857 est
93 1818 163 1865 diaboli,
177 1825 194 1857 et
207 1817 258 1856 valde
272 1818 350 1870 nequiter
363 1819 399 1868 agit
412 1830 451 1856 cum
465 1819 517 1856 servis
530 1819 570 1856 Dei.
591 1820 686 1856 Contemne
700 1831 741 1869 ergo

54 1875 185 1914 dubitationem:
196 1882 213 1913 et
223 1874 336 1914 dominaberis
345 1875 391 1913 illius
401 1875 476 1927 inomni
486 1888 508 1912 re.
524 1874 579 1913 Indue
588 1876 654 1912 firmam
663 1875 716 1913 fidem
725 1882 741 1912 et

54 1939 146 1986 potentem.
163 1932 212 1972 Fides
221 1933 267 1971 enirn
277 1933 335 1972 omnia
343 1932 450 1986 repromittit,
460 1939 477 1971 et
485 1933 543 1972 omnia
552 1939 666 1980 consummat;
677 1932 741 1972 dubita-

54 1993 79 2028 tio
88 1998 148 2037 autem
161 2004 197 2028 non
209 1991 262 2028 credit
275 2004 293 2029 se
306 1991 372 2043 aliquid
384 1992 511 2043 impetraturam
523 1992 603 2028 omnibus
616 1992 695 2042 operibus
708 1993 742 2029 suis

55 2061 98 2100 quae
108 2049 147 2098 egit.
163 2048 218 2086 Vides
227 2061 273 2098 ergo,
283 2048 344 2100 inquit,
355 2048 402 2100 quod
411 2047 453 2085 fides
464 2047 552 2085 desursum
561 2054 585 2086 est
594 2061 604 2085 a
612 2050 657 2094 Deo,
667 2055 684 2085 et
692 2049 742 2086 habet

54 2106 134 2143 virtutem
145 2117 233 2156 magnam,
246 2104 329 2143 dubitatio
340 2111 396 2142 autern
407 2105 488 2143 terrestris
499 2105 567 2156 spiritus
579 2111 608 2150 est,
620 2112 637 2143 et
647 2118 657 2143 a
668 2105 742 2151 diabolo,

55 2163 135 2200 virtutem
150 2175 185 2200 non
198 2162 267 2200 habens.
289 2163 316 2199 Tu
329 2163 382 2212 Igitur
396 2175 443 2199 serva
456 2163 536 2199 virtutem
550 2162 598 2200 fidei:
614 2176 624 2200 a
638 2163 743 2201 dubitatione

56 2226 112 2258 autem
123 2219 186 2265 recede,
199 2232 242 2273 quae
254 2232 289 2257 non
300 2218 351 2257 habet
361 2220 450 2265 virtutem
462 2225 478 2257 et
489 2219 536 2257 vives
547 2220 603 2257 Deo.'¹

98 2287 305 2327 CONCUPISCENTIA
314 2287 356 2325 UTI
366 2287 530 2325 somnus-111
541 2293 568 2333 12,
580 2293 588 2325 1
601 2287 744 2340 describit-dupli-

56 2358 93 2384 cem
105 2346 184 2397 spiritum
196 2345 341 2397 concupiscentiae
354 2345 389 2382 sive
402 2344 498 2396 cupiditatis
511 2345 566 2384 bonae
579 2352 596 2383 et
607 2345 669 2383 malae:
685 2345 745 2384 “Tolle

57 2409 91 2442 ate
99 2416 168 2442 omnem
176 2403 286 2457 cupiditatem
294 2402 361 2449 malam,
369 2408 386 2441 et
393 2402 446 2441 indue
453 2402 564 2456 cupiditatem
570 2403 634 2443 bonam
642 2410 658 2442 et
665 2410 744 2443 sanctam

84 2463 105 2500 ‚¹¹
120 2462 202 2514 Loquitur
216 2468 256 2500 tunc
270 2460 291 2499 de
305 2460 397 2512 cupiditate
410 2472 462 2512 prava
475 2461 536 2499 eodem
549 2461 602 2499 modo
616 2474 634 2500 ac
649 2462 670 2500 de
684 2463 745 2512 angelo

57 2514 130 2552 maloin
140 2527 184 2552 man,
195 2515 212 2560 6,
223 2520 233 2552 2
244 2521 260 2552 et
270 2513 318 2552 addit
327 2515 352 2551 “si
362 2513 440 2552 inciderit
450 2515 468 2551 in
478 2527 515 2552 eam
525 2527 582 2553 servus
592 2516 625 2552 Dei
633 2545 637 2553 .
645 2545 648 2553 .
656 2545 660 2553 .
667 2529 744 2553 consum·

55 2578 110 2610 metur
118 2571 139 2610 ab
147 2571 177 2609 illa
184 2572 273 2622 pessime.''
289 2570 378 2623 Cupiditas
386 2572 433 2609 enim
441 2571 472 2609 ista
481 2572 559 2624 “spiritus
568 2573 646 2610 omnium
653 2573 743 2611 hominum

58 2624 139 2663 terrestris
148 2630 172 2662 est
181 2631 197 2662 et
205 2623 253 2670 levis,
262 2630 279 2662 et
287 2624 367 2662 virtutem
375 2636 410 2661 non
418 2623 469 2663 habet
477 2624 495 2661 in
504 2631 563 2671 totum,
573 2632 590 2663 et
597 2625 650 2664 multa
658 2625 745 2679 loquitur”

61 2682 112 2732 (ib).
128 2683 220 2735 Postquam
230 2682 283 2734 ipsius
293 2687 389 2719 enumerata
399 2687 438 2719 sunt
447 2693 499 2734 opera
512 2683 576 2734 (opera,
587 2695 604 2721 n.
613 2683 636 2729 b,
647 2685 718 2737 quaein
728 2685 744 2731 6,
