1657 3045
265 126 365 162 Daumoue
379 128 520 164 Imeuounroua
714 131 735 165 51

50 252 117 303 buere;
130 251 170 293 imo
185 265 228 293 eam
241 250 343 294 excludere
354 251 436 305 videtur,
450 252 483 296 ubi
497 253 570 297 diaboli
584 252 693 296 infestantis
707 266 736 294 co-

50 323 165 368 hibitionem
176 337 210 382 per
222 324 302 381 angelos
313 324 401 367 custodes
413 325 524 370 describit?5

90 407 164 450 Solutio
177 407 295 450 difficultatis
308 407 333 451 de
344 410 380 451 ista
392 409 502 454 Hildeberti
515 412 605 454 citatione
619 410 737 467 “Gregorius

52 482 110 524 etlam
120 480 184 532 dicit‚¹'
197 482 284 539 quamvis
296 482 360 524 nonisi
371 483 492 540 hypothetice
504 486 587 542 proponi
598 490 661 543 queat,
674 481 737 524 facilis

52 561 116 597 tamen
128 553 209 597 videtur.
222 555 260 597 Hic
272 554 421 614 approbandum
433 563 466 608 est,
479 557 532 616 quod
544 553 738 601 dicirSYLV1U82³⁶

53 628 182 684 “Magistrum
192 642 233 669 non
243 627 356 685 significare,
367 644 425 687 quem
436 632 553 687 Gregoriurn
562 632 609 673 velit
619 629 735 686 intelligere:

52 699 112 758 Apud
124 701 241 757 Gregorium
253 708 317 743 autem
329 704 426 759 Magnum
438 704 486 745 nihil
499 704 593 745 eiusmodi
604 703 662 746 habet
655 710 691 753 tur
704 701 738 744 sed

52 773 101 817 bene
114 773 166 832 apud
179 774 297 831 Gregorium
309 776 387 831 Nysst
379 774 440 818 tder
453 776 499 820 Vita
510 778 616 831 Mophis..
625 775 738 830 sQuibus
775 764 777 766 .

52 859 98 888 vero
109 845 199 890 omnibus
209 848 314 905 perpensis,
326 849 418 907 proponit
419 856 460 891 urt
452 848 531 891 atndem
542 864 576 908 per
587 811 668 892 modurn
679 849 738 907 hypo-

54 919 117 970 thesis,
126 917 179 978 quod
187 918 313 963 Hildebertus
325 920 366 980 (vel
374 923 408 980 qui
415 923 489 980 primus
497 924 571 966 textum
579 923 635 965 illum
643 920 737 980 redegit),

53 1005 97 1033 vere
106 992 224 1049 Gregorium
233 994 331 1050 Magnum
340 995 397 1037 citare
407 995 516 1047 intenderit,
527 995 560 1038 sed
569 995 639 1038 exinde
648 994 739 1052 deceptus

55 1061 119 1115 luerit,
128 1064 173 1123 quia
181 1064 292 1124 accipiendo
301 1081 324 1109 ex
331 1065 440 1127 Florilegiir
448 1068 479 1111 vel
488 1068 570 1111 aliorum
578 1067 672 1111 relatione
681 1066 740 1127 (sicut

55 1147 73 1182 et
82 1139 151 1183 fecisse
158 1141 179 1182 in
188 1139 230 1182 aliis
239 1140 278 1182 suis
286 1155 310 1182 ex
318 1141 335 1183 S.
345 1141 441 1198 Gregorio
450 1141 572 1185 citationibus
580 1143 654 1184 ratione
663 1140 740 1183 diversi·

55 1214 99 1257 tatis
109 1220 150 1257 mat
143 1212 215 1257 terialis
226 1214 309 1273 supponi
321 1212 398 1274 debet),
410 1214 465 1267 illud,
478 1214 547 1329 quod
542 1231 562 1257 m
572 1216 641 1258 veritat
633 1215 681 1258 te.S
693 1215 740 1257 Gre-

55 1287 132 1343 gotium
143 1288 254 1343 Nyssenum
266 1293 300 1345 pat
300 1301 341 1329 rem
353 1286 474 1339 habebatet
466 1287 537 1330 ttorte
549 1289 619 1330 sensim
632 1289 672 1330 sine
685 1301 704 1328 se
705 1301 741 1328 nsu

56 1359 91 1404 sub
104 1374 158 1402 mero
172 1360 252 1402 nomine
265 1362 355 1418 Gregorii
370 1359 445 1405 ferebat
438 1368 473 1413 tur,
488 1369 587 1421 tamquam
602 1361 661 1405 doct'
639 1369 709 1404 trinam
723 1361 740 1403 S

56 1433 146 1490 Gregorii
157 1433 227 1490 Magni
239 1435 348 1492 susceperit,
359 1441 416 1493 atque
427 1436 447 1477 in
459 1448 508 1493 opus
519 1450 575 1478 suum
585 1435 741 1493 incorporaverit.

97 1510 118 1571 5)
135 1510 233 1565 Quoniam
245 1508 269 1551 de
281 1515 332 1551 statu
343 1509 422 1551 huiusce
433 1509 550 1568 quaestionis
562 1523 621 1568 penes
633 1509 741 1568 primaevos

57 1583 183 1626 Scholasticos
197 1589 225 1624 sat
239 1583 278 1624 iam
290 1581 366 1624 videtur
380 1581 458 1634 dictum,
472 1596 547 1639 gressus
560 1597 611 1625 nunc
624 1581 666 1624 fieri
678 1588 742 1639 potest

57 1657 82 1699 ad
93 1657 265 1700 ULTERIOREM
277 1657 319 1697 REI
332 1656 585 1699 INVESTIGATIONEM
599 1655 650 1715 apud
664 1655 742 1713 posteri-

58 1744 100 1772 ores
113 1727 263 1772 describendam.
277 1729 363 1770 Primum
376 1735 440 1770 autem
453 1729 490 1770 huc
504 1726 696 1771 animadvertendum
709 1734 742 1778 est,

58 1802 111 1861 quod
124 1800 176 1861 apud
188 1802 303 1860 posteriores
315 1808 475 1844 commentatores
487 1816 523 1860 pro
536 1802 598 1861 prima
610 1803 651 1845 vice
664 1807 743 1859 apparet

58 1877 78 1917 in
85 1876 121 1918 hac
128 1875 240 1934 quaestione
248 1874 313 1933 aliqua
320 1874 424 1932 speculatio
433 1890 456 1917 ex
464 1875 538 1917 ratione
546 1875 661 1932 theologica.
669 1876 744 1916 Verum

59 1949 118 1991 etiam
130 1962 183 1999 vero,
197 1954 226 1990 sat
239 1948 309 2005 exigua
323 1947 418 1990 invenitur
432 1949 507 1999 notitia,
522 1963 544 1991 eo
559 1949 606 2008 quia
618 1947 688 1991 nullibi
701 1961 744 2006 pro-

60 2021 140 2063 fundius
149 2029 168 2064 et
176 2037 199 2063 ex
208 2017 296 2079 professo
305 2035 334 2063 res
342 2022 390 2062 haec
398 2029 426 2063 est
434 2023 557 2079 investigata;
566 2036 656 2080 namque,
666 2021 744 2080 quando

61 2094 85 2137 de
94 2094 168 2151 angelis
175 2092 288 2137 custodibus
298 2100 338 2135 erat
346 2093 473 2146 tractandum,
484 2094 545 2138 obiter
554 2092 696 2145 tantummodo,
707 2096 746 2137 sive

61 2185 95 2229 per
104 2170 186 2213 modum
197 2170 270 2222 scholii,
282 2170 354 2213 dictum
365 2178 393 2213 est
404 2171 478 2229 aliquid
489 2171 514 2215 de
524 2174 603 2231 proprio
614 2171 708 2215 daemone
719 2173 747 2213 in-

61 2247 152 2291 sidiatore
162 2247 265 2307 unicuique
276 2246 397 2290 adhaerente.
415 2248 481 2291 Plures
492 2251 577 2292 contenti
588 2257 642 2292 erant
653 2250 747 2308 principa-

62 2325 120 2368 liores
135 2332 197 2368 textus
213 2324 321 2368 traditionis
336 2323 412 2377 referre,
429 2325 462 2369 sed
477 2327 566 2369 nonnulli
582 2327 631 2370 hanc
645 2326 677 2369 vel
692 2326 747 2369 illam

63 2403 208 2445 convenientiae
221 2402 316 2444 rationem
330 2403 369 2444 sive
382 2416 418 2461 pro
433 2404 472 2446 sive
486 2412 553 2447 contra
566 2405 586 2446 in
600 2404 686 2447 medium
700 2412 748 2447 attu-

64 2480 133 2522 lerunt.
155 2481 188 2522 Ne
203 2487 267 2522 autem
282 2479 343 2522 moles
358 2479 496 2524 dissertationis
511 2482 593 2525 nimium
608 2488 748 2541 augmentetur,

106 2624 129 2655 35.
140 2623 150 2652 2
160 2618 219 2658 moral„
231 2630 243 2652 c.
254 2620 263 2651 4
276 2619 308 2660 (PL
318 2623 336 2654 75
348 2619 394 2660 646).

106 2664 130 2697 36.
141 2664 158 2695 ln
168 2662 232 2694 Primam
242 2663 256 2694 S.
266 2661 336 2701 Thomna,
346 2673 360 2703 q.
372 2667 399 2698 113
409 2674 422 2695 a·
432 2664 442 2695 4
451 2664 498 2697 concl.
507 2669 515 2699 5
526 2664 544 2697 ad
553 2664 587 2704 fin.;
597 2667 604 2697 1
614 2667 649 2698 611.
