1657 3045
261 125 362 164 DAEMONE
375 126 517 163 IMPUGNATORE
722 127 733 163 7

47 274 61 304 a>
67 255 139 302 dextris
149 255 190 299 eius
199 260 221 298 ut
230 260 349 298 accusaretur
359 253 394 297 ei.’¹
412 253 451 297 Hic
459 267 504 297 vero
515 252 540 297 de
549 264 603 297 mera
613 249 734 296 accusatione

48 345 81 376 seu
89 328 219 388 oppositione,
229 326 276 369 dum
285 328 306 367 in
315 341 360 369 casu
369 325 435 382 Judae,
444 333 467 389 ut
476 342 499 369 ex
509 332 600 369 contextu
609 325 676 383 liquet,
687 322 734 383 quid

7 457 9 460 .
47 404 92 467 plus
106 402 205 461 ingeritur.
226 401 246 444 Si
260 400 312 443 enim
326 398 463 452 consideratur,
478 399 531 461 quod
546 399 643 459 expressio
658 399 695 440 ista
710 395 734 439 de

48 476 119 522 dextris
129 489 187 535 saepe
197 475 273 534 saepius
283 474 304 516 in
314 475 332 518 S.
343 474 419 516 Litteris
430 481 532 533 usurpatur
543 473 568 516 ad
580 487 690 532 supremam
701 471 734 513 ali-

48 550 101 595 cuius
114 554 231 608 potestatem
245 561 267 589 ac
279 547 329 589 vires
343 545 482 600 denotandum,
497 546 559 590 subito
573 547 653 605 patescit
668 558 734 588 sensus

48 624 101 667 illius
110 628 174 665 textus
184 620 280 680 simulque
289 621 330 664 eius
339 622 434 663 connexio
444 635 488 663 cum
499 620 541 663 allis
551 635 575 662 ex
584 621 602 662 S.
612 622 685 662 Ioanne
695 620 735 660 iam

49 695 119 741 relatis.
137 695 182 738 Hoc
193 692 243 739 bene
255 693 360 754 explicatur
373 708 384 737 a
396 694 517 737 HENRlCO
529 690 668 737 CUYCHIO‘i:
684 693 694 706 ‘¹
704 726 708 734 .
717 725 734 734 ..

49 768 102 829 quod
111 767 181 811 dicitur
189 769 210 810 in
219 769 249 810 Pu
261 773 305 810 108:
317 765 414 810 Diabolus
422 774 460 809 stet
469 783 481 810 a
490 765 562 809 dextris
571 766 617 817 eius,
628 781 668 808 non
678 766 735 823 signi-

50 841 93 885 ficat
108 839 170 899 Judae
185 839 273 883 traditori
289 840 407 898 singularem
423 838 508 898 aliquem
523 839 631 896 malignum
647 839 735 898 spiritum

50 916 168 972 assignatum
177 912 243 966 luisse,
252 914 286 972 qui
295 914 312 956 ei
321 912 397 957 assidue
405 912 464 956 fuerit
473 929 484 957 a
493 912 570 964 dextris,
579 911 612 955 sed
621 912 736 956 daemonem

53 987 122 1049 (quem
133 986 154 1029 in
166 985 288 1047 praecedenti
300 986 421 1029 hemistichio
434 985 566 1045 appellaverat
578 992 703 1044 peccatorem,
716 985 737 1026 in

50 1061 88 1105 illis
100 1058 169 1113 verbis,
183 1060 283 1104 Constitue
295 1068 353 1120 super
366 1074 409 1104 eam
422 1059 553 1119 peccatorem)
570 1058 631 1116 Judae
644 1058 736 1118 praevali·

51 1141 115 1176 turum
123 1131 188 1177 luisse.
204 1133 234 1176 Sic
242 1134 294 1176 enim
303 1134 417 1175 constitutus
425 1139 453 1175 est
463 1147 520 1192 super
528 1131 585 1174 illum
594 1138 687 1190 peccator,
698 1132 737 1174 sive

51 1207 114 1258 Satan,
124 1205 170 1265 quia
180 1205 261 1250 traditus
271 1212 300 1249 est
309 1206 382 1249 auctori
392 1205 480 1248 omnium
491 1205 589 1257 scelerum,
600 1211 619 1248 et
629 1206 645 1248 is
655 1211 737 1265 potesta-

51 1286 91 1323 tem
101 1286 120 1323 et
130 1279 233 1339 imperium
242 1280 264 1321 in
274 1278 331 1322 illum
342 1280 419 1338 accepit.
437 1278 510 1322 Eadem
520 1280 579 1337 igitur
590 1285 618 1321 est
629 1286 648 1321 et
659 1278 737 1338 posteri-

51 1353 89 1396 oris
100 1352 215 1397 hemistichii
226 1353 320 1396 sententia
328 1388 332 1396 .
341 1388 344 1396 .
354 1351 449 1396 ‚daemon
460 1351 579 1413 praevalebit
589 1352 661 1397 viribus
673 1350 737 1395 adver-

52 1440 83 1469 sus
92 1426 155 1479 illum,
165 1434 184 1471 et
193 1425 325 1471 dominabitur
334 1427 352 1470 ei
361 1427 408 1485 quia
417 1426 496 1470 dextrae
505 1428 545 1470 eius
555 1426 679 1485 praevalebit.
689 1460 692 1468 .
701 1460 705 1468 .
714 1460 718 1468 .
726 1426 737 1440 ’¹

52 1498 112 1556 Quod
122 1506 187 1543 autem
195 1501 227 1544 hic
237 1499 306 1543 dicitur
316 1499 341 1544 de
350 1499 411 1557 Judae
421 1498 500 1543 diabolo
511 1499 633 1552 subiectione,
644 1499 682 1543 dici
692 1513 738 1559 quo-

53 1587 91 1630 que
100 1579 170 1631 potest,
181 1571 281 1631 ecquidem
292 1572 397 1615 secundum
407 1587 422 1615 s.
433 1573 555 1632 Scripturam
566 1572 591 1615 de
600 1571 687 1631 quolibet
697 1586 739 1630 pec-

53 1651 118 1688 catore
126 1642 232 1697 obdurato,
246 1645 300 1688 cuius
314 1661 325 1689 a
339 1644 410 1688 dextris
424 1645 464 1688 sive
478 1659 536 1705 super
549 1644 636 1688 dextram
650 1644 739 1689 diabolus

54 1725 91 1762 stat
101 1726 199 1763 accusator
210 1726 229 1763 et
239 1720 358 1763 carcerarius.
376 1719 474 1772 Attamen,
486 1734 530 1764 cum
540 1720 588 1763 haec
599 1718 700 1764 submissio
711 1733 740 1762 ra-

54 1791 107 1835 tione
121 1793 195 1851 peccati
210 1791 342 1852 subsequatur,
356 1791 507 1851 haudquaquam
521 1792 567 1835 inde
582 1791 696 1836 concludere
710 1790 740 1835 fas

54 1875 88 1920 est,
98 1868 179 1928 singulis
186 1868 297 1913 hominibus
307 1869 393 1929 singulos
402 1869 506 1913 daemones
515 1869 574 1913 modo
584 1869 699 1914 indesinenti
709 1867 741 1913 ad·

54 1945 133 1988 haerere
142 1946 296 2005 impugnatores3
306 1945 359 2005 quod
369 1952 433 1989 autem
441 1947 462 1988 in
471 1960 516 1989 casu
525 1945 697 1989 demonstrandum
707 1953 741 1989 est.
764 2005 765 2008 Ἴ

94 2026 118 2087 2)
130 2029 208 2081 lterum,
218 2043 242 2072 ex
250 2028 377 2073 HISTORIA
385 2029 431 2085 JOB
439 2028 509 2072 volunt
517 2028 597 2088 quidam
607 2036 742 2087 argumentum

56 2117 91 2164 pro
105 2106 200 2150 sententia
214 2105 328 2149 affirmativa
341 2104 444 2149 adstruere.
465 2107 500 2159 lta,
516 2122 532 2150 e.
540 2121 565 2165 g,
580 2106 740 2151 CASSIANU85:

57 2182 88 2227 “si
98 2190 163 2227 autem
172 2182 314 2228 consideremus
323 2191 343 2227 et
351 2183 409 2226 illum
418 2184 452 2243 qui
460 2183 539 2229 beatum
549 2183 585 2241 Job
594 2185 679 2244 expetiit,
690 2198 743 2244 aper·

57 2259 129 2303 tissime
141 2261 257 2304 instruemur
269 2261 326 2303 illum
339 2259 399 2303 fuisse
412 2261 446 2320 qui
459 2275 533 2320 semper
546 2261 647 2305 insidiatus
661 2249 684 2305 ei.
693 2297 697 2305 .
706 2297 710 2305 .
719 2296 723 2305 .
731 2264 742 2277 ’'

56 2337 131 2381 Verum
142 2336 222 2396 quidem
234 2344 268 2389 est,
281 2336 381 2382 diabolum
393 2338 545 2382 extraordinario
558 2338 620 2384 modo,
631 2340 656 2384 ad
667 2340 703 2397 Job
716 2341 743 2383 in-

57 2413 169 2458 sultandum
187 2416 292 2466 accessisse,
310 2414 344 2458 sed
360 2416 445 2474 praecise
463 2417 509 2475 quia
527 2415 688 2460 extraordinarius
707 2416 744 2460 luit

58 2489 128 2535 modus
138 2492 250 2536 tentationis
259 2506 300 2535 non
310 2490 367 2537 debet
376 2492 447 2536 insumi
457 2499 550 2554 tanquam
560 2508 628 2539 norma
638 2509 673 2555 pro
684 2495 745 2539 omni-

59 2591 120 2599 ---

99 2627 114 2661 l.
125 2628 143 2660 ln
151 2628 223 2661 Annona
232 2626 251 2661 ad
260 2627 331 2668 Cassiani,
341 2626 380 2662 coll.
389 2633 399 2662 8
408 2636 422 2662 et
432 2633 450 2665 13
463 2629 499 2672 (PL.
509 2635 528 2666 50
537 2631 583 2672 324).

100 2674 115 2705 5.
126 2669 190 2704 Collatia
199 2676 209 2704 8
220 2671 292 2713 (secunda
301 2673 359 2714 Sereni)
370 2682 383 2705 c.
393 2677 411 2708 17
422 2673 459 2714 (PL.
467 2676 487 2711 49
496 2675 542 2715 Ἱ50).
