1633 3045
74 127 98 163 st
274 125 304 162 Da
316 126 444 163 smourorun
456 126 559 163 Homuuu

75 252 121 298 dam
133 252 221 297 ordinem
234 266 275 296 esse
287 253 308 295 in
321 251 448 297 daemonibus
464 251 512 312 (Mt.
527 258 538 300 9
553 252 586 304 54;
602 256 625 297 17
639 256 672 304 20;
688 255 711 296 25
725 251 760 304 41;

75 326 123 386 Epio.
134 328 147 370 6
158 331 191 378 123
202 332 210 368 1
223 328 267 368 Cor.
279 332 302 371 15
314 332 347 378 213
357 326 420 385 Apoc.
432 333 455 369 12
467 325 500 385 7),
511 327 550 369 imo
561 333 580 368 et
590 326 655 383 ipsum
663 325 762 367 Christum

75 400 130 460 loqui
138 399 162 442 de
170 413 230 458 regno
239 399 320 442 Satanae
330 398 380 459 (tiit.
390 404 413 441 12
423 399 458 460 26)
467 415 471 452 3
480 406 551 451 tamen,
560 400 581 441 in
588 405 629 441 toto
637 396 691 441 verbi
699 399 762 456 rigore

75 473 128 517 haud
137 472 212 516 videtur
221 474 258 516 hoc
267 472 422 532 intelligendum.
429 480 431 482 ’
439 471 605 530 Distinguendum
614 473 666 516 enim
676 479 704 515 est
713 473 763 515 inter

77 545 255 590 subordinationem
269 554 287 589 et
300 548 403 590 unitatem.
421 545 493 606 Quoad
506 547 590 606 patorem
605 545 663 589 facile
678 553 763 588 estcon-

76 620 145 679 cipere,
161 619 301 679 praelationem
316 621 402 680 aliquam
418 622 467 663 inter
482 619 586 662 daemones
601 621 673 677 vigere,
689 620 763 661 ratione

77 692 191 735 diversitatis
211 694 298 751 ipsorum
318 693 461 751 perfectionum
481 694 604 735 naturalium.
626 695 697 735 Utrum
717 707 763 735 vero

77 765 154 809 Lucifer
166 779 266 824 supremus
279 764 338 809 luerit
350 767 438 809 omnium
451 766 570 824 angelorum,
584 767 611 808 ita
624 766 734 817 scilicetut,
749 767 764 807 si

77 841 165 891 stetisset,
177 854 234 898 super
244 854 318 891 omnes,
328 841 359 883 vel
370 841 438 883 saltem
448 844 470 883 in
480 854 570 899 supremo
580 839 649 882 ordine
660 839 764 882 collocatus

78 911 152 965 luisset,
169 927 209 955 non
224 928 263 955 una
278 920 306 956 est
321 913 458 971 theologorum
473 915 573 957 sententia.
596 913 683 971 Angelos
700 920 764 955 autem

78 985 144 1045 lapsos
158 1000 219 1028 unum
233 985 305 1029 habere
318 986 339 1029 in
354 994 411 1045 caput
426 1002 543 1046 supremum,
558 1002 599 1029 non
613 993 677 1045 potest
692 987 764 1044 negari.

79 1063 116 1106 Cui
131 1077 221 1121 supremo
236 1061 337 1106 inferiores
354 1062 461 1107 subduntur
476 1063 604 1108 inferioritate
619 1062 765 1123 imperfectioris

78 1131 180 1183 naturae.¹³
191 1143 302 1199 Utcumque
310 1156 356 1184 vero
367 1142 402 1185 illa
412 1142 505 1201 praelatio
517 1144 547 1194 sit,
559 1141 684 1200 “imperfecta
695 1149 714 1184 et
723 1155 765 1200 per-

79 1232 133 1260 versa
144 1218 191 1270 est,'’
203 1218 251 1261 sicut
262 1217 309 1262 dicit
320 1219 479 1263 SERAPHICUS
490 1219 626 1264 ΒΟΕΤΟΒ.14
637 1221 708 1263 Utrum
719 1233 765 1262 vero

80 1300 146 1344 divina
159 1300 232 1343 iustitia
246 1314 313 1342 omnes
328 1298 432 1342 daemones
446 1297 548 1342 inferiores
562 1298 594 1341 isti
608 1298 667 1357 capiti
681 1297 766 1340 totaliter

80 1377 203 1422 subiciantur
212 1378 232 1420 in
240 1391 331 1437 poenam,
340 1391 380 1420 non
388 1376 447 1436 plane
455 1383 538 1430 constat;
548 1383 650 1429 caeterum,
659 1391 700 1419 non
708 1390 766 1436 appa·

80 1464 114 1508 ret,
127 1455 227 1515 quomodo
239 1457 281 1514 ipse
293 1454 382 1499 diabolus
395 1470 418 1497 ex
431 1470 451 1498 se
462 1462 578 1513 potestatem
590 1454 660 1498 habeat
673 1454 722 1497 alios
734 1469 767 1496 sua

80 1547 169 1592 perversa
176 1533 277 1575 voluntate
284 1531 423 1591 compescendi,
432 1547 475 1575 curn
482 1533 519 1591 ipsi
527 1531 592 1574 nullus
600 1521 624 1574 sit
630 1545 686 1574 verus
693 1531 767 1583 titulus,

82 1617 140 1669 atque
156 1607 227 1652 subditi
243 1610 284 1651 eius
299 1624 366 1652 omnes
382 1608 464 1652 rebelles
480 1611 518 1652 sint
534 1618 553 1653 et
567 1610 588 1651 in
602 1609 655 1652 malo
671 1608 767 1652 obdurati.

120 1691 166 1736 Alia
180 1698 209 1736 est
221 1692 308 1752 quaestio
322 1690 346 1736 de
360 1691 433 1736 unitate
447 1693 503 1751 regui
514 1691 626 1750 inferorum.
647 1695 721 1736 Revera
735 1692 768 1736 ali-

82 1770 144 1830 qualis
156 1770 220 1814 unitas
232 1786 255 1814 ex
268 1771 366 1814 communi
378 1772 466 1815 omnium
478 1770 524 1815 odio
537 1771 558 1814 in
569 1772 636 1815 Deum
648 1779 667 1815 et
678 1771 769 1836 hominesf

82 1848 148 1894 haberi
160 1855 229 1908 potest,
242 1848 275 1892 sed
287 1864 313 1892 an
324 1849 368 1892 talis
380 1850 410 1901 sit,
423 1848 491 1909 qualis,
504 1850 639 1909 presupposita
650 1848 716 1892 divina
728 1863 769 1908 per-

82 1928 180 1978 missione,
193 1926 317 1984 indigeretur,
331 1934 353 1969 ut
367 1927 439 1984 singuli
453 1926 558 1970 daemones
571 1927 651 1985 singulis
665 1927 769 1971 homnibus

83 2003 213 2047 indesinenter
226 2002 343 2047 adhaerendi
358 2002 501 2063 deputarentur,
516 2011 566 2047 certe
580 2019 620 2047 non
635 2003 732 2063 probatur.
747 2007 770 2048 Et

84 2082 100 2125 si
112 2097 142 2125 res
155 2097 178 2125 ex
190 2082 281 2139 analogia
292 2082 422 2125 humanorum
434 2081 571 2134 consideratur,
584 2081 660 2126 videtur
673 2084 737 2142 potius
750 2084 770 2125 in

83 2158 210 2204 daemonibus
221 2158 287 2203 adesse
300 2160 393 2218 “regnum
404 2160 543 2212 confusionis,'’
556 2161 603 2204 sicut
614 2160 663 2205 bene
675 2160 721 2204 dicit
732 2163 770 2204 LE-

83 2262 145 2269 —-..-...

127 2301 150 2332 13.
160 2294 201 2328 Vide
210 2297 224 2328 S.
234 2295 312 2335 Thomam,
321 2298 361 2329 Sum.
372 2295 429 2336 Theol,
440 2299 470 2337 lq.
481 2299 499 2332 63
510 2308 523 2329 a.
534 2302 551 2337 83
561 2308 576 2338 q.
587 2301 615 2333 109
625 2309 638 2330 a.
649 2300 771 2339 2.-Quantum

84 2338 103 2371 nd
115 2338 222 2379 praelationem
235 2339 273 2370 inter
285 2338 364 2371 daemones
376 2340 392 2371 in
403 2339 484 2372 traditione
496 2339 554 2371 ludrica
567 2340 635 2372 convenit
648 2341 692 2373 citare
704 2341 771 2373 Fernand

85 2382 123 2420 Prat‚
133 2383 148 2415 S.
153 2382 172 2421 J.‚
183 2378 215 2413 The
224 2378 301 2421 Theology
312 2380 328 2422 of
338 2380 379 2415 taint
389 2380 426 2414 Paul
439 2381 497 2423 (transl.
508 2380 548 2415 from
560 2382 595 2415 lssth
605 2383 660 2415 French
670 2381 693 2415 ed.
703 2381 722 2424 by
731 2385 744 2423 J.
755 2385 771 2416 l..

85 2423 166 2463 Stoddard)
184 2424 224 2455 New
238 2422 280 2455 Yorlr
296 2427 339 2462 1927,
354 2425 368 2455 ll
382 2433 397 2463 p.
412 2424 448 2456 411:
465 2424 507 2456 “The
521 2424 586 2463 military
600 2425 702 2464 organization
716 2424 733 2456 of
747 2426 772 2457 the

85 2465 147 2498 demons
158 2466 171 2497 is
183 2465 227 2496 much
239 2474 280 2496 more
292 2466 365 2505 complete
376 2466 412 2497 than
424 2466 455 2498 that
468 2463 484 2497 ol
496 2465 521 2497 the
532 2464 573 2506 good
585 2465 640 2506 augels.
656 2466 690 2498 The
700 2465 743 2498 Book
756 2465 772 2506 oi

85 2506 136 2540 Enoch
149 2507 228 2546 mentions,
243 2505 300 2539 besides
315 2508 339 2540 the
353 2506 516 2540 commander-in-chief
530 2507 546 2541 of
560 2507 585 2540 the
599 2513 629 2541 two
643 2507 711 2541 hundred
725 2508 772 2541 fallen

85 2550 140 2589 angers,
152 2549 191 2581 their
201 2554 256 2588 twenty
266 2547 351 2588 decurions;
363 2549 443 2581 elsewhere
453 2551 537 2582 centurions
549 2560 573 2581 are
584 2549 640 2589 spoken
652 2550 673 2589 of,
685 2550 714 2581 aud
725 2550 772 2582 chiefs

85 2590 102 2624 oi
111 2591 144 2631 fifty
154 2590 183 2623 ancl
193 2589 275 2622 decurrunt.
291 2591 320 2622 But
330 2590 388 2630 usually
398 2591 423 2623 the
433 2591 535 2631 organizanon
544 2592 557 2623 is
567 2596 593 2622 not
603 2591 659 2623 carried
669 2602 686 2624 so
695 2590 726 2629 far3
737 2592 772 2631 only

85 2644 113 2666 one
121 2642 189 2673 supreme
196 2631 237 2664 chief
244 2632 257 2664 is
264 2631 322 2670 named,
330 2637 346 2665 to
352 2631 403 2664 whom
410 2633 435 2665 the
442 2631 492 2665 crowd
500 2630 517 2665 of
522 2631 585 2673 subjects
592 2632 639 2672 yields
647 2631 731 2666 obediente.
738 2658 741 2666 .
748 2658 751 2666 .

127 2675 151 2708 td.
161 2679 171 2707 2
181 2675 225 2713 Seni,
236 2673 251 2706 d.
262 2674 271 2706 6
281 2683 294 2706 a.
305 2677 313 2709 3
323 2684 339 2715 q.
350 2678 366 2713 1;
377 2675 391 2707 Il
404 2674 495 2715 (Qurracchi
506 2674 554 2715 1885)
568 2673 612 2709 167b.
