1633 3045
67 142 90 181 74
267 141 297 178 Da
309 141 437 180 SINGULORUM
449 141 552 179 Hominum

67 269 136 313 nandis
146 270 250 312 adhaerere
259 269 363 329 permittat,
374 268 401 311 ait
411 268 532 320 sunum
544 268 596 310 “non
606 274 634 311 est
644 267 691 326 quid
701 266 755 311 dubi·

67 351 136 396 temus,
149 343 195 403 quia
208 342 277 385 eadem
289 343 338 385 ratio
352 343 373 384 in
385 343 422 386 hac
434 343 560 402 permissione
573 341 657 401 speciali,
672 339 755 401 quaein

68 417 153 476 generali
166 416 259 460 missione
272 416 329 458 huius
342 415 396 468 belli,
411 424 430 460 et
444 414 624 475 impugnationibus
637 414 755 474 daemonum

67 492 169 539 invenitur.
182 490 239 532 Certe
251 504 275 532 ex
287 489 405 532 revelatione
417 496 497 541 constat,
509 491 576 532 Deum
588 490 699 548 permittere
712 488 755 531 dae·

67 572 135 606 mones
147 568 220 606 tentare
231 563 326 614 homines,
339 569 397 621 atque
408 561 518 606 conceditur
530 560 612 605 eandem
624 575 664 605 esse
675 559 757 608 huiusce

68 635 198 696 permissionis
210 636 305 679 rationem
315 651 337 680 ac
347 637 369 680 in
378 635 503 696 deputatione
513 635 616 696 unicuique
627 636 701 696 proprii
711 634 755 679 dae·

67 711 137 762 monis,
150 709 226 761 scilicet,
238 711 350 753 exercitium
361 711 451 754 hominis.
464 710 538 754 Exinde
550 716 614 755 autem
626 709 679 753 haud
691 723 756 753 conse·

68 783 138 841 quitur,
147 784 213 824 Deum
220 783 331 842 permittere
339 786 396 826 istam
405 783 559 844 deputationem;
568 797 614 826 nam
623 782 689 843 quoad
697 796 755 841 nego·

69 857 118 899 tium
130 856 218 900 tentandi
231 858 257 900 sic
269 857 290 899 in
302 872 378 915 genere,
392 856 465 901 iactum
476 874 500 900 ex
513 873 528 910 s,
540 858 637 915 Scriptura
649 856 756 900 luculenter

68 929 166 988 probatur,
179 928 226 972 dum
237 929 262 973 de
274 931 404 988 assignatione
416 931 537 989 singulorum
549 930 666 974 daemonum
678 944 756 989 prorsus

68 1002 118 1045 nihil
132 1002 219 1047 habetur.
235 1004 285 1046 Cum
301 1011 365 1046 autem
380 1005 480 1062 permissio
495 1004 547 1047 illius
563 1003 694 1063 deputationis
708 1002 756 1063 quid

69 1076 149 1118 omnino
160 1075 242 1135 speciale
253 1075 282 1128 sit,
293 1083 315 1118 ut
324 1077 365 1135 ipse
375 1077 444 1120 Suarez
455 1076 532 1129 fatetur,
544 1077 618 1137 aliquid
628 1074 756 1136 superaddere

69 1147 127 1193 debet
141 1149 229 1192 missioni
243 1149 329 1207 generali
344 1151 497 1209 impugnationis
512 1151 625 1203 diabolicae,
641 1152 687 1210 quia
703 1164 756 1194 secus

70 1234 119 1270 esset
134 1225 208 1270 inutilis
223 1233 242 1269 et
258 1224 366 1268 nullimode
382 1224 475 1282 specialis.
492 1225 511 1267 Si
525 1239 572 1268 vero
588 1223 662 1268 lactum
678 1232 697 1268 et
713 1239 756 1267 con·

68 1301 166 1343 venientia
177 1299 272 1358 generalis
283 1298 384 1357 ministerii
396 1297 513 1350 tentationis,
525 1297 654 1357 quodminus
666 1306 700 1351 est,
712 1313 756 1342 con·

69 1382 112 1426 stat,
122 1389 163 1417 non
172 1381 236 1433 potest
246 1388 270 1416 ex
280 1388 303 1415 eo
314 1372 339 1416 ad
349 1372 422 1416 lactum
431 1372 463 1416 vel
472 1372 627 1416 convenientiam
636 1372 756 1432 particularis

69 1446 187 1490 daemonum
206 1446 346 1504 assignationis,
365 1459 415 1504 quae
433 1445 478 1504 plus
496 1446 576 1488 omnino
594 1452 629 1498 est,
640 1444 757 1489 'conclusive

70 1520 205 1578 argumentari.

109 1603 210 1646 Permissio
221 1601 286 1645 divina
296 1602 317 1644 in
327 1617 372 1645 casu
382 1600 486 1661 postulata,
497 1601 550 1661 quod
561 1600 665 1645 daemones
676 1602 757 1661 singulis

70 1676 180 1721 hominibus
195 1674 333 1735 impugnandis
347 1681 456 1728 constanter
469 1683 543 1728 vacent,
558 1682 579 1719 ut
593 1677 682 1719 homines
697 1677 723 1720 sic
737 1677 757 1718 in
814 1690 816 1693 ·

69 1750 140 1793 virtute
149 1757 277 1801 exerceantur,
287 1757 335 1791 esset
345 1747 376 1792 ael
386 1756 407 1791 ut
416 1748 520 1792 daemones
529 1750 617 1792 homines
627 1747 757 1792 indesinenter·

70 1821 220 1874 obsideantur
230 1829 306 1866 tanturn
316 1820 428 1866 identidem.
440 1824 459 1866 Si
470 1824 675 1875 INDESINENTER‚
687 1826 757 1882 impor-

70 1904 119 1940 taret
128 1895 225 1940 licentiam
235 1896 351 1955 generalem,
361 1911 400 1955 qua
409 1896 513 1940 daemones
524 1896 549 1941 ad
558 1895 613 1941 libita
622 1897 711 1941 homines
721 1896 757 1942 sibi

69 1969 172 2029 deputatos
180 1976 254 2012 tentare
260 1969 353 2028 omnique
360 1968 419 2012 modo
428 1971 542 2028 impugnare
549 1978 633 2030 possent.
640 1972 757 2015 Hocautem

70 2050 149 2102 propter
162 2041 297 2101 mulitiplicem
311 2043 405 2085 rationem
419 2042 496 2086 admitti
509 2043 581 2102 nequit.
595 2044 698 2103 Imprimis,
713 2044 757 2088 talis

70 2116 168 2159 illimitata
185 2114 266 2159 facultas
283 2115 370 2159 tentandi
388 2115 501 2160 difficillime
518 2132 562 2160 curn
579 2118 618 2160 Del
635 2117 721 2161 bonitate
738 2126 757 2160 et

70 2187 200 2231 misericordia
217 2188 344 2247 componitur.
362 2187 476 2233 Incredibile
492 2204 576 2250 namque
592 2188 674 2243 videtur,
691 2191 758 2234 Deum

70 2270 111 2305 tarn
125 2261 198 2306 bonurn
213 2268 232 2304 et
246 2261 395 2314 misericordem,
411 2270 431 2306 et
446 2270 486 2306 tam
500 2264 606 2323 patientem
622 2279 666 2308 cum
680 2265 757 2308 miseria

70 2336 172 2377 hominum
180 2334 248 2378 morbo
258 2337 330 2394 peccati
340 2343 474 2379 enervatorum
483 2336 596 2395 insidiisque
605 2339 695 2397 propriae
704 2353 757 2398 prae-

71 2409 135 2451 sertim
144 2408 205 2451 carnis
212 2421 288 2450 necnon
295 2408 364 2452 mundi
372 2408 458 2468 undique
467 2425 523 2467 aegre
531 2417 650 2462 vexatorum,
659 2411 722 2471 deque
729 2414 757 2471 ip-

71 2495 136 2523 sorum
145 2482 206 2523 salute
215 2487 255 2523 tarn
265 2480 374 2532 sollicitum,
383 2488 405 2534 ut
414 2484 505 2540 conqueri
515 2483 581 2542 possit,
592 2483 657 2538 “Quid
667 2492 695 2527 est
704 2484 757 2544 quod

70 2551 129 2597 debui
137 2554 188 2597 ultra
196 2551 260 2597 lacere
269 2554 337 2597 vineae
344 2569 405 2607 meae,
415 2563 433 2599 et
441 2570 482 2598 non
490 2555 529 2599 feci
538 2557 577 2599 ei?’'
591 2556 626 2616 (is,
637 2564 647 2603 5
656 2556 690 2617 4),
699 2559 757 2602 incre·

112 2691 248 2734 inuestigatis,
259 2698 268 2727 8
279 2698 297 2727 21
309 2699 335 2734 31;
346 2706 361 2736 Ρ,
373 2699 416 2731 1097.
