1657 3045
263 130 364 167 Daunoni
378 130 519 167 lurocuaconu
713 128 734 164 25

50 262 83 320 qui
98 260 119 300 in
133 257 244 317 primordiis
259 256 339 308 invidet,
354 271 405 299 nunc
420 270 498 315 quoque
513 253 616 299 obumbrat
631 260 689 312 atque
705 252 736 295 de-

50 338 122 394 pravat,
135 331 240 389 quominus
251 337 285 373 aut
296 330 348 372 ultro
360 330 506 388 prospiciantur,
519 336 552 372 aut
564 341 603 387 qua
614 333 692 385 oportet
705 323 737 367 ad-

50 405 187 450 ministrentur.
202 405 239 447 Cui
253 404 305 446 enirn
319 403 421 445 hominum
434 417 475 445 non
488 400 600 446 adhaerebit
614 401 692 459 spiritus
705 413 737 441 ne·

26 475 27 478 ’
51 493 114 539 quam,
126 475 150 521 ab
161 478 204 537 ipsa
214 477 273 520 etiam
283 477 341 519 ianua
351 476 457 519 nativitatis
467 476 541 519 animas
554 473 591 535 (al.
602 472 690 534 aniane)
706 487 738 515 au-

50 549 183 611 cupabundus,
191 551 223 593 vel
232 565 271 610 qua
279 551 377 602 invitatus,
386 556 428 593 tota
435 549 470 592 illa
478 549 575 608 puerperii
583 546 737 607 superstitione.”

51 625 109 676 Dein,
120 623 209 683 depingit
219 622 318 684 quomodo
330 637 403 675 omnes,
415 624 449 682 qui
460 621 583 665 “idololatria
593 621 695 665 obstetrice
705 636 738 663 na-

51 698 146 750 scuntur‚¹’
156 696 272 757 iampridem
282 703 326 741 ante
335 696 456 740 nativitatem
465 695 572 756 patrocinio
580 693 739 739 circumferantur
781 708 783 711 ⁴

52 772 138 815 deorum.
149 772 173 815 Et
183 772 289 815 continuat:
304 772 345 814 “Sic
356 778 376 814 et
386 768 476 814 omnibus
487 770 539 828 genii
550 768 673 828 deputantur,
685 767 738 828 quod

52 845 170 889 daemonum
180 859 253 888 nornen
264 851 298 888 est.
310 843 368 887 Adeo
379 843 434 887 nulla
445 842 508 886 ferme
519 843 608 885 nativitas
619 841 692 886 munda
704 849 738 894 est,

52 919 119 976 utique
130 918 269 960 ethnicorum.’'

89 1001 188 1053 Attamen,
194 1002 275 1044 omnino
284 1002 381 1044 immerito
387 1016 410 1044 ex
418 1001 456 1044 hoc
464 1001 508 1043 loco
514 1001 591 1051 eruitur,
597 999 740 1043 Tertullianum

52 1071 142 1116 amnibus
150 1073 270 1134 singulisque
280 1073 391 1117 hominibus
400 1074 440 1116 iam
449 1089 460 1117 a
469 1073 570 1115 nativitate
579 1072 680 1131 proprium
688 1072 739 1115 attri-

52 1146 110 1191 buere
123 1145 247 1200 daemonem;
260 1148 298 1190 hoc
311 1148 363 1190 enim
376 1145 454 1190 cuilibet
467 1154 529 1190 totam
544 1153 653 1189 contextum
668 1145 740 1204 legenti

52 1220 138 1278 patescit.
149 1221 209 1272 Nam,
221 1234 301 1279 scopum
311 1220 416 1262 limitatum
428 1218 463 1263 sibi
474 1217 580 1279 praefigere
591 1218 740 1270 Tertullianum,

53 1292 92 1335 iarn
103 1307 127 1335 ex
138 1306 161 1335 eo
172 1293 286 1345 insinuatur,
298 1291 351 1352 quod
362 1291 387 1336 de
398 1291 454 1337 bonis
465 1290 585 1336 naturalibus
597 1292 740 1342 sermocinatur,

54 1372 72 1408 et
80 1364 160 1424 quidem
168 1367 270 1425 praecipue
279 1366 405 1418 ethnicorum,
414 1367 462 1410 sicut
469 1367 490 1409 in
498 1366 572 1409 ultimis
580 1364 643 1409 verbis
652 1365 741 1425 explicite

52 1438 140 1482 habetur.
154 1440 260 1491 Praeterea,
268 1439 328 1482 modo
335 1439 393 1483 valde
401 1440 489 1497 energico
497 1440 571 1482 invehit
579 1440 599 1481 in
606 1452 670 1483 mores
678 1452 741 1497 supet-

54 1512 138 1554 stitiosos
149 1525 277 1571 paganorum,
289 1513 329 1572 qui,
342 1519 423 1556 testante
435 1514 452 1557 S.
464 1512 648 1563 ΑΗΘΙΙΞΤΙΝΟΞ5
661 1511 742 1555 deorum

54 1595 150 1632 catervam
162 1588 187 1632 ad
197 1588 286 1631 universa
297 1587 394 1646 puerperii
406 1585 468 1630 stadia
480 1602 491 1630 a
501 1585 558 1629 malis
569 1584 641 1629 tuenda
652 1587 742 1629 invocare

55 1660 148 1706 solebant.
161 1664 196 1714 Ita,
208 1676 227 1705 v.
240 1675 266 1720 g,
279 1661 398 1704 commentiti
411 1667 461 1712 sunt,
475 1659 543 1703 semini
555 1659 641 1703 virorum
654 1673 742 1719 praeesse

55 1735 151 1786 Liberum,
169 1734 298 1777 foeminarum
314 1748 360 1777 vero
377 1732 474 1785 Liberam;
492 1747 528 1791 pro
544 1741 602 1791 partu
618 1732 742 1777 invocabatur

54 1809 159 1868 Diespiter,
171 1809 243 1852 Lucina
252 1822 288 1868 pro
299 1805 457 1867 parturientibus;
469 1808 575 1850 Vaticanus
586 1814 650 1850 autem
661 1806 687 1851 ad
697 1821 742 1850 neo-

55 1888 145 1923 natorum
157 1897 179 1924 os
192 1881 323 1940 aperiendum,
337 1881 420 1923 Cumina
433 1881 458 1922 ad
471 1881 558 1938 ipsorum
570 1894 629 1922 cunas
641 1888 743 1939 protegen-

55 1954 95 2006 das,
108 1961 171 2014 atque,
183 1962 205 1998 ut
215 1968 321 1999 mammam
331 1954 413 2013 parvulo
425 1953 545 2011 immulgeat,
556 1955 641 1997 Rumina
652 1954 742 1999 ciebatur,

55 2029 105 2071 Cum
120 2035 190 2081 autem,
207 2027 312 2071 secundum
327 2026 475 2079 Tertullianum,
491 2026 603 2070 huiusmodi
619 2027 647 2071 dii
662 2027 744 2087 perinde

56 2102 93 2144 sint
104 2117 125 2145 ac
136 2100 244 2154 daemonia,
256 2101 309 2145 iacta
319 2102 358 2144 iarn
370 2100 393 2145 ab
404 2102 465 2161 ipsius
475 2101 606 2161 conceptionis
617 2102 697 2146 exordio
708 2103 743 2146 tali

56 2175 181 2235 deputatione
192 2176 331 2228 deorumiure
342 2177 450 2234 meritoque
461 2176 543 2235 quaerit:
558 2177 607 2219 “Cui
619 2178 671 2220 enim
682 2178 743 2220 homi-

56 2264 103 2292 num
114 2263 154 2292 non
166 2249 277 2294 adhaerebit
288 2250 365 2309 spiritus
376 2263 466 2308 nequam,
479 2248 503 2293 ab
515 2250 557 2309 ipsa
569 2251 627 2294 etiarn
639 2252 744 2295 nativitatis

56 2323 114 2365 ianua
127 2324 201 2366 animas
214 2322 371 2382 aucupabundus,
384 2323 415 2365 vel
428 2338 467 2381 qua
478 2323 576 2375 invitatus,
589 2331 630 2367 tota
642 2325 677 2368 illa
689 2340 744 2383 puer-

56 2396 105 2452 perii
115 2397 268 2455 superstitione.”
279 2395 326 2439 Inde
336 2402 400 2438 autem
410 2403 444 2448 est,
454 2396 507 2456 quod
517 2395 579 2440 ferme
588 2412 667 2441 omnem
677 2399 744 2442 nativi-

56 2475 116 2511 tatem
128 2469 250 2513 immundam
261 2469 375 2521 considerat,
390 2470 468 2528 “utique
481 2471 620 2522 ethnicorum,”
635 2487 697 2532 eoque
707 2474 745 2516 hoc

56 2544 124 2600 magis,
136 2545 181 2602 qula
192 2544 256 2587 statim
266 2550 310 2603 post
320 2549 450 2602 repraesentat
460 2544 614 2588 Christianorum
624 2547 745 2590 nativitatem

99 2685 123 2716 33.
131 2682 156 2713 De
166 2682 229 2714 Civitate
237 2682 272 2721 Dei,
282 2683 292 2714 4
302 2686 319 2714 11
332 2681 368 2723 (PL.
377 2682 396 2714 41
408 2681 453 2723 122).
