1633 3045
86 113 109 153 34
285 111 315 147 Du
327 111 454 148 Sruourouuu
467 110 569 146 Houmuu

85 239 167 281 lationes
182 251 205 280 ex
219 236 327 296 colloquiis,
341 251 391 296 quae
405 250 449 279 cum
463 234 576 295 supradictis
590 234 690 278 monachis
703 232 771 278 habuit

86 313 194 355 Cassianus.

127 384 162 446 13)
178 385 293 428 Doctrinam
304 382 328 427 de
341 383 414 444 duplici
427 383 496 442 angelo
508 383 570 441 magis
583 381 635 442 apud
648 383 733 426 Graecos
745 380 772 424 di·

87 458 186 517 vulgatam
194 456 258 509 luisse,
268 458 354 514 arguitur
362 459 442 500 ulterius
450 473 473 500 ex
480 456 591 500 testimonio
599 454 699 499 cuiusdam
706 468 773 498 mona-

88 533 118 576 chi
130 533 204 575 laurae
215 531 233 574 S.
246 530 306 576 Sabae
321 530 404 591 (saeculi
417 529 449 591 7),
461 532 541 574 nomine
552 529 699 582 ANTIOCHI,—
707 529 741 588 qui
753 529 774 571 in

88 606 153 665 aliqua
162 619 196 648 sua
204 602 301 647 homilia47
311 604 383 648 scribit:
395 606 453 647 “Duo
463 605 515 647 enim
524 604 588 662 angeli
596 603 637 647 dati
647 610 690 646 sunt
699 602 774 645 homini

89 691 199 722 assessores:
210 692 260 721 unus
269 677 349 738 quidem
358 679 441 721 iustitiae
451 678 598 729 amantissimus,
609 676 657 720 alter
665 691 711 719 vero
720 676 775 720 mali·

89 752 128 796 tiae
137 752 201 795 omnis
210 753 297 795 incentor
306 752 474 810 malignissimus.¹’
485 754 509 795 Et
519 753 567 795 sicut
576 753 665 802 Hermas,
675 749 775 810 quomodo

90 825 199 868 alterutrius
208 824 340 883 dignoscenda
350 827 388 869 sint
396 839 461 884 opera,
470 825 569 884 explanat;
580 825 612 877 ita,
623 824 703 881 angelus
712 823 776 867 malus

91 898 206 941 “acerrimae
220 906 248 941 est
261 897 311 950 bilis,
320 932 324 940 .
333 933 337 941 .
346 932 350 940 .
358 898 488 942 amarulentus
502 912 523 941 ac
537 897 630 941 stolidus.
640 930 643 939 .
653 930 656 940 .
665 904 684 940 et
697 910 776 955 concep-

90 971 152 1013 tiones
161 970 220 1013 animi
228 970 326 1029 malignae
334 985 401 1014 omnes
408 972 445 1014 hoc
454 973 551 1014 incentore
559 969 706 1014 accenduntur.”
714 969 777 1012 Tenet

91 1058 137 1102 ergo
148 1043 262 1096 Antiochus,
273 1051 295 1087 ut
305 1058 328 1086 ex
338 1051 392 1087 textu
402 1046 439 1088 isto
451 1043 556 1088 eruendum
566 1043 648 1094 videtur,
659 1049 735 1103 praeter
745 1058 777 1086 an·

91 1117 158 1175 gelum
170 1115 270 1159 custodem
282 1118 354 1176 pariter
366 1117 458 1176 angelum
470 1118 544 1161 malum
556 1118 656 1161 hominem
669 1123 778 1160 constanter

92 1204 193 1250 aucupare,
206 1197 269 1249 atque,
281 1190 334 1250 quod
346 1191 409 1249 logice
420 1190 477 1235 affine
489 1199 523 1243 est,
535 1206 602 1235 omnes
615 1198 667 1235 actus
678 1190 741 1234 malos
754 1189 777 1234 ab

93 1263 162 1307 eodem
171 1264 266 1321 originem
276 1265 357 1307 trahere.

132 1338 155 1380 ln
172 1338 208 1380 hac
225 1339 298 1396 epocha
316 1339 476 1397 praescholastica
494 1338 620 1382 recensendus
638 1346 667 1381 est
685 1339 743 1382 etiam
761 1338 778 1381 S.

93 1408 187 1460 ΒΕΒΑ,48
203 1424 226 1452 ex
242 1425 280 1467 quo
296 1412 402 1454 sententiae
417 1411 542 1454 affirmativae
557 1410 674 1470 praesidium
690 1412 780 1454 asciscere

93 1486 136 1528 vult
145 1482 359 1529 ΜΑΜὶθΝΑΤΠὸ.49
376 1485 419 1537 Ast,
430 1485 450 1527 in
462 1484 513 1528 dicto
524 1484 567 1528 loco
578 1483 631 1528 Beda
642 1485 780 1527 sermocinatur

94 1561 149 1603 unice
157 1559 182 1603 de
191 1560 265 1617 angelis
274 1558 393 1611 tutelaribus,
401 1567 421 1602 et
429 1558 533 1617 nequidem
542 1574 581 1602 una
588 1559 658 1602 vocula
667 1560 780 1618 opinionem

95 1632 119 1676 de
129 1633 208 1692 proprio
219 1631 314 1676 daemone
324 1640 468 1676 commemorat.
758 1687 761 1689 ‚

136 1705 171 1766 14)
188 1706 305 1749 Discrimine
318 1707 417 1766 hucusque
431 1714 472 1749 acta
487 1714 531 1749 sunt
545 1713 663 1764 argumenta,
678 1707 743 1766 qualia
757 1721 781 1748 ex

95 1779 199 1823 traditione
205 1779 331 1823 ecclesiastica
338 1778 423 1823 lautores
430 1781 536 1823 sententiae
544 1779 669 1824 affirmativae
677 1779 781 1824 adducunt.

95 1854 236 1897 Auctoritatem
245 1853 315 1896 exinde
323 1854 412 1896 haustam
421 1854 474 1897 haud
482 1869 575 1911 magnam
584 1868 624 1897 esse
634 1853 781 1897 existimandam

96 1927 166 1969 conscii
179 1926 216 1977 isti,
230 1925 255 1968 ad
268 1926 461 1969 TRADITIONEM
475 1928 628 1970 GENTILIUM
641 1928 700 1970 etiam
713 1940 782 1986 provu-

97 2013 140 2041 care
151 2013 191 2042 non
203 1997 320 2053 dubitarunt.
333 2000 384 2042 Cum
396 2007 460 2044 autem
472 2000 503 2043 hic
514 2001 594 2043 minoris
607 2000 631 2043 sit
642 2001 742 2052 momenti,
755 2001 783 2044 ni-

96 2073 174 2132 miaque
185 2079 234 2114 esset
246 2071 350 2130 divagaho,
362 2087 402 2115 non
413 2074 516 2132 inquiritur
527 2088 551 2116 ex
562 2072 650 2132 professo
662 2073 687 2117 de
698 2073 735 2118 ista
746 2081 783 2117 tra·

98 2144 172 2188 ditione
183 2160 309 2205 paganorum.
329 2146 382 2189 Talis
396 2145 504 2206 disquisitio
517 2154 538 2190 ut
550 2146 590 2199 fiat,
604 2147 735 2206 exoptandum
748 2155 782 2200 est,

98 2219 143 2279 quia
154 2218 179 2263 ad
189 2217 359 2277 daemonologiam
371 2221 494 2281 antiquorum
505 2221 624 2281 populorum
634 2220 784 2266 illuminandam

98 2307 221 2353 summopere
232 2294 337 2337 inserviret.
357 2296 456 2347 Attamen,
469 2296 500 2339 hic
513 2296 585 2339 sinatur
599 2296 681 2355 exprimi
694 2297 783 2356 suspicio,

98 2366 152 2425 quod
166 2367 217 2410 dicta
231 2366 309 2410 traditio
324 2367 349 2409 de
363 2367 457 2411 daemone
473 2370 551 2427 speciali
564 2370 668 2426 unicuique
682 2371 784 2413 hominum

99 2440 215 2483 adhaerente
226 2452 266 2482 non
278 2446 317 2483 tarn
330 2441 442 2484 universalis
455 2448 474 2484 et
486 2448 575 2485 constans
588 2440 652 2493 tuerit,
666 2443 687 2486 ac
699 2457 784 2487 commu-

98 2536 158 2543 ...—

140 2578 165 2610 47.
175 2577 221 2608 Hom.
229 2577 251 2608 61
266 2576 305 2616 (PG.
317 2581 336 2611 89
348 2577 450 2616 loll-1618).

139 2620 164 2651 ts.
175 2620 221 2659 Super
230 2618 268 2649 Aca
276 2617 388 2658 Apostolorum,
398 2629 410 2651 c.
420 2624 438 2652 12
451 2620 487 2661 [PL.
496 2624 515 2655 92
526 2619 572 2661 973).

139 2663 163 2698 49,
174 2663 192 2695 ln
201 2661 230 2694 Mt.
242 2660 274 2702 (ed.
283 2662 328 2694 Raich
338 2663 344 2694 l
354 2664 391 2702 362;
400 2664 423 2695 M.
434 2664 482 2696 CCSS.
492 2665 532 2695 XXI
541 2664 588 2703 864).
