1657 3045
269 116 370 153 Dnruour
384 117 525 154 quucurronu
731 121 740 156 3

54 233 75 290 in
85 243 202 302 argumentis
213 242 327 301 theologicis
338 242 459 302 proferendis
470 244 564 297 consistit;
576 242 653 295 idcirc0,
664 256 740 286 moran·
806 254 808 256 ·

54 319 101 362 dum
113 315 256 374 aliquantulum
268 316 304 359 erit
316 316 337 358 in
348 316 460 360 huiusmodi
473 316 579 360 rationibus
592 315 740 375 perpendendis.

93 393 132 437 Etsi
141 390 263 449 investigatio
273 390 390 451 quaestionis
399 389 504 434 secundum
513 390 530 434 S.
540 389 657 449 Scripturam
666 395 685 432 et
694 389 740 431 Tra·

54 470 154 517 ditionem,
164 481 188 509 ex
197 465 309 510 necessitate
318 465 366 508 iacti
375 465 428 525 quod
437 464 484 509 inibi
493 466 630 524 paucissimum
639 477 675 524 pro
685 464 740 506 alter·

54 550 96 587 utra
112 540 207 584 sententia
223 540 325 591 invenitur,
342 539 432 597 negativa
447 536 512 582 futura
528 539 552 581 sit
568 537 633 598 quoad
649 536 739 587 formam,

54 617 168 675 inquantum
179 619 292 671 argumenta
302 626 314 654 a
324 617 378 671 parte
389 610 502 653 affirmativa
513 610 595 654 conflata
605 610 637 653 vel
648 608 740 652 refellun-
758 653 759 656 ,

55 697 85 734 tur
96 686 128 730 vel
140 685 198 729 valde
212 692 344 737 extenuantur,
358 691 424 727 tamen
436 685 519 743 positiva
532 699 556 727 ex
569 699 592 727 eo
606 683 740 743 quadantenus

55 759 124 810 evadit,
138 758 197 818 quod,
212 757 311 801 destructis
324 757 356 801 vel
370 756 475 801 debilitatis
488 756 619 800 fundamentis
632 766 651 801 et
664 757 740 800 conclu·

56 834 103 878 suris
121 831 226 875 sententiae
243 829 374 883 affirmativae,
391 845 414 873 eo
432 831 475 890 ipso
491 830 554 889 magis
571 830 656 888 arguitur
673 830 740 890 opinio

55 905 150 966 negativa.
169 906 291 964 Argumenta
303 919 348 948 vere
360 905 444 964 positiva
455 919 491 965 pro
505 905 599 947 sententia
611 905 701 962 negativa
713 902 740 947 ibi

55 978 165 1031 afferentur,
178 978 211 1023 ubi
224 980 311 1038 quaestio
324 993 349 1022 ex
361 977 449 1038 professo
462 978 567 1021 secundum
580 979 674 1020 rationem
688 979 741 1020 theo-

7 1075 9 1077 ·
55 1052 139 1111 logicam
159 1051 292 1110 exagitabitur.
313 1051 369 1095 Tunc
390 1050 478 1095 debilitas
498 1052 596 1111 opinionis
616 1050 741 1094 affirmativae

56 1125 106 1169 clare
120 1124 237 1177 ostendetur,
253 1124 349 1185 simulque
365 1125 448 1167 rationes
463 1125 558 1184 positivae
572 1132 592 1167 et
607 1131 636 1167 sat
651 1131 741 1182 cogentes

56 1199 76 1241 in
90 1198 153 1242 lucem
167 1198 254 1250 edentur,
268 1196 338 1258 quibus
352 1198 437 1242 maxime
451 1198 539 1242 innititur
553 1198 651 1242 conclusio
666 1205 739 1241 nostra:

56 1272 149 1326 Quamvis
165 1272 260 1314 sententia
276 1270 389 1314 affirmativa
405 1286 440 1315 nec
456 1270 508 1315 falsa
523 1286 559 1315 nec
574 1272 654 1315 omnino
670 1272 741 1330 impro

56 1343 124 1389 babilis
135 1343 173 1388 dici
184 1346 251 1404 possit,
267 1344 330 1405 (quod
342 1344 421 1404 quidem
432 1344 494 1388 ferme
505 1346 561 1389 unice
571 1351 651 1405 propter
661 1344 741 1389 auctori-

56 1426 114 1460 tatam
131 1432 197 1461 eoram
213 1415 288 1470 dicitur,
305 1419 339 1477 qui
354 1419 372 1461 ei
387 1419 503 1478 patrocinari
517 1428 567 1470 sunt,
585 1419 633 1461 sicut
647 1420 742 1476 Magister

56 1490 196 1534 Sententiarum
216 1492 295 1551 eiusque
313 1490 434 1553 pedisequi),
453 1498 518 1535 tamen
538 1490 641 1535 dicendum
660 1491 742 1545 videtur,

56 1563 115 1623 quod,
128 1563 208 1624 dempto
220 1566 273 1608 omni
286 1564 415 1609 fundamento
427 1567 448 1608 in
460 1567 517 1609 sacris
530 1567 611 1618 Litteris,
625 1573 682 1625 atque
695 1581 742 1609 non-

56 1636 93 1681 nisi
108 1638 221 1682 tenuissimo
237 1646 351 1697 argumento
367 1639 451 1699 positivo
467 1655 491 1684 ex
505 1639 592 1684 Patribus
609 1638 665 1693 treta,
681 1640 742 1684 omni·

38 1712 40 1716 ’
56 1709 130 1771 busque
142 1709 249 1755 rationibus
262 1712 375 1771 theologicis
389 1712 489 1756 coniuncte
501 1714 606 1773 perpensis,
621 1715 688 1773 opinio
701 1714 742 1765 illa,

57 1798 95 1843 qua
110 1785 164 1828 omni
180 1784 296 1846 singuloque
310 1785 385 1829 homini
401 1788 447 1830 citra
463 1787 554 1845 angelum
571 1787 683 1847 stipatorem
699 1787 742 1831 dae-

56 1871 103 1900 mon
116 1859 187 1916 pariter
199 1859 324 1918 impugnator
337 1867 356 1903 et
368 1860 415 1903 mali
429 1860 541 1903 sollicitator
553 1862 592 1904 iarn
606 1877 617 1904 a
630 1860 662 1904 die
675 1862 742 1905 nativi-

56 1931 100 1974 tatis
113 1931 243 1976 indesinenter
257 1932 360 1976 adhaerere
373 1932 447 1986 dicitur,
460 1933 514 1977 haud
527 1941 590 1994 potest
603 1933 742 1979 rationabiliter

57 2005 151 2049 sustineri.
