1633 3045
79 110 101 144 22
279 104 308 141 Du
320 103 448 141 sinemoaun
461 103 564 140 Hominum

80 247 165 285 monem,
180 233 214 292 qui
228 244 320 292 persaepe
335 246 379 274 curn
393 231 473 274 homine
487 236 552 291 peccat
566 243 625 290 quem
639 230 717 273 sortitus
731 235 766 281 est,

81 314 114 350 aut
123 309 181 350 etiarn
190 306 234 365 plus
243 319 267 349 eo
275 306 359 364 peccat.¹’

120 392 148 433 Ex
161 387 250 433 omnibus
263 388 328 431 relatis
341 388 425 433 textibus
438 388 611 439 RESUMENDO‚
626 393 679 430 extra
693 386 767 431 dubita·

81 464 139 507 tionis
151 462 217 506 iorum
227 462 304 505 videtur
315 463 406 522 positum,
418 462 472 523 quod
483 461 565 520 Origeni
576 474 644 521 reapse
655 474 768 522 persuasum

82 545 122 580 erat
131 536 212 596 singulis
221 535 332 580 hominibus
342 544 417 596 praeter
427 536 518 596 angelum
526 533 627 579 custodem
637 534 740 579 adhaerere
750 541 768 577 et

82 614 197 657 daemonem
206 615 307 674 proprium
315 614 454 668 insidiatorem,
464 614 533 659 eodem
541 607 601 657 modo
612 628 633 657 ac
642 615 726 657 Hermas
735 612 768 657 do-

83 694 127 744 cuit,
138 705 197 752 quem
206 694 226 734 in
236 693 274 734 hoc
285 692 353 735 ducem
364 692 400 737 sibi
411 693 516 736 associavit
528 693 584 747 Quae
594 706 639 734 cum
649 691 676 734 ita
687 691 731 743 sint,
742 691 769 732 in-

83 769 203 828 spiciendum
217 783 269 812 nunc
283 777 317 821 est,
332 776 426 828 quantum
441 770 482 814 eius
496 768 628 813 testimonium
641 767 712 812 valeat.
733 769 769 810 lm-

83 847 150 904 primis
160 846 270 898 dicendum,
281 849 383 889 auctoritas
394 849 484 905 Origenis
494 849 515 890 in
524 848 562 891 hoc
571 860 611 889 non
621 847 648 889 ita
659 846 770 905 simpliciter

83 922 163 966 dissolui
179 931 249 983 potest,
266 931 288 967 ut
304 924 378 968 dicatur
394 939 438 968 cum
454 923 600 978 (ΣΠΥΕΗΙΟ,26
616 923 670 984 quod
686 924 770 983 “Neque

83 1015 162 1043 movere
176 1013 212 1042 nos
226 998 284 1042 debet
297 999 389 1055 Origenis
403 999 511 1049 auctoritas,
525 998 605 1040 namin
618 997 684 1040 multis
699 998 770 1055 passim

84 1077 213 1122 hallucinatus
228 1076 274 1128 est,'’
289 1076 329 1119 siue
341 1090 386 1118 curn
399 1074 533 1119 HURTERt²⁷
548 1075 663 1118 “Caeterum
676 1074 771 1133 Origenes

86 1156 142 1214 plura
156 1154 181 1198 de
195 1154 269 1211 angelis
284 1152 389 1210 singularia
403 1159 422 1195 et
436 1151 537 1195 abnormia
551 1168 563 1196 a
576 1151 664 1205 doctrina
677 1152 772 1195 catholica

85 1231 149 1276 habet.
158 1267 162 1276 .
171 1266 175 1275 .
184 1266 188 1275 .
197 1231 225 1255 '¹²⁸
237 1232 345 1282 Enhnvero,
358 1244 382 1273 ex
395 1244 418 1274 eo
431 1229 549 1290 simpliciter,
562 1229 616 1290 quod
628 1230 648 1273 in
661 1229 704 1274 aliis
716 1229 773 1274 rebus

86 1309 164 1352 dissona
174 1323 186 1352 a
196 1308 294 1351 communi
306 1306 393 1350 doctrina
404 1306 515 1366 proferat,²⁹
526 1321 566 1350 non
578 1309 643 1351 statim
654 1308 699 1351 licet
709 1308 741 1350 vel
752 1308 773 1350 in

86 1387 123 1429 hoc
132 1393 204 1445 puncto
213 1386 320 1442 Origenem
330 1383 355 1427 de
365 1398 428 1428 errore
437 1383 572 1437 condemnare,
582 1385 613 1427 vel
624 1400 646 1428 eo
657 1399 736 1428 omnem
746 1384 773 1427 di-

87 1465 155 1505 rimere
166 1462 304 1505 auctoritatem.
316 1463 367 1504 Cum
378 1462 430 1504 enim
442 1461 498 1505 dere
510 1461 574 1521 aliqua
586 1461 646 1506 libere
657 1460 774 1520 disputanda

88 1547 162 1599 agatur,
175 1537 337 1584 considerandum
350 1547 384 1592 est,
399 1554 450 1583 anne
463 1540 545 1598 Origeni
558 1542 578 1583 in
591 1541 628 1584 hoc
641 1541 681 1585 sive
694 1541 774 1584 rationis

88 1625 207 1675 argumenta,
223 1619 264 1660 sive
279 1619 382 1660 auctoritas
398 1617 481 1660 aliorum
496 1620 575 1660 Patrum
591 1619 688 1677 suppetias
704 1617 774 1662 ierant.

87 1696 157 1739 Relate
171 1693 196 1739 ad
210 1695 294 1754 primum
308 1696 349 1738 iam
361 1702 461 1738 ostensum
475 1703 510 1747 est,
525 1696 631 1753 Origenem
646 1697 666 1739 in
681 1698 775 1740 sententia

88 1793 148 1800 ——ae-a

130 1833 154 1864 26.
164 1832 235 1864 Annotat.
249 1830 285 1870 (PL.
297 1835 315 1865 50
327 1831 373 1870 323).

130 1878 154 1908 27.
166 1871 274 1914 Coaapeadiam
285 1871 338 1906 Theoi.
348 1874 409 1914 noga„
421 1875 435 1906 ΙΙ
447 1874 543 1916 (Oeniponte
554 1874 601 1916 1893)
614 1886 629 1907 n.
640 1875 674 1907 422.

93 1959 115 2000 (H
127 1917 216 2000 l2785.)Simile
225 1916 298 1948 iudicium
305 1916 356 1948 ierunt
364 1917 449 1958 Gazzaniga
460 1917 491 1958 (IV
500 1917 535 1950 diss.
545 1922 552 1949 1
563 1927 575 1951 c.
585 1921 604 1953 19
613 1928 628 1950 n.
637 1916 675 1957 302)
687 1923 702 1950 et
710 1918 777 1958 Lepicier

131 2017 156 2048 29,
165 2012 240 2045 Convenit
249 2011 301 2044 saltem
311 2009 358 2044 obiter
367 2013 447 2051 insinuare,
457 2012 498 2053 quod
507 2013 572 2045 rationes
582 2024 613 2045 non
623 2011 676 2046 desunt
685 2012 777 2055 expectandi,

90 2060 149 2096 peracta
163 2055 231 2088 ulteriori
246 2053 372 2095 profundiorique
386 2056 500 2096 investigatione
515 2056 569 2094 critica,
586 2055 604 2089 ab
620 2056 690 2096 Origenis
706 2057 777 2089 memoria

91 2098 138 2130 multa
147 2097 212 2130 obnoxia
220 2095 321 2129 abiudicatura
330 2096 367 2136 fore,
377 2100 437 2138 quaeei
446 2108 486 2130 nunc
495 2099 511 2130 in
520 2098 618 2138 ignominiam
627 2097 731 2131 attribuuntur.
740 2099 777 2131 Non

91 2146 114 2173 est
122 2142 162 2174 enim
171 2138 293 2178 obliviscendum,
302 2139 343 2181 quod
352 2140 424 2180 Origenes
435 2146 464 2173 tam
473 2142 561 2174 immensam
570 2140 658 2181 scriptorum
667 2140 778 2174 multitudinem

91 2183 154 2224 protulit
163 2202 184 2207 —
193 2182 286 2222 Epiphanius
294 2181 339 2215 refert
348 2193 427 2215 numerum
437 2185 476 2216 6000
486 2182 566 2216 librorum!
576 2202 597 2207 -
607 2189 636 2215 ram
646 2182 778 2224 indefatigabiliter

92 2227 108 2258 in
116 2236 186 2267 germana
194 2225 267 2258 Ecclesiae
275 2224 341 2258 doctrina
350 2224 437 2259 elucidanda
447 2224 570 2266 defendendaque
578 2237 629 2259 omnes
638 2237 690 2259 nervos
700 2226 778 2267 impendit,

92 2268 138 2309 idque
151 2269 167 2300 in
180 2274 247 2307 tempore
260 2267 320 2308 quando
334 2268 382 2300 adhuc
395 2279 426 2300 non
439 2274 470 2301 erat
483 2277 574 2309 magnopere
587 2267 660 2301 elaborata
674 2269 792 2310 terminologia'

91 2311 170 2352 perpolita,
182 2309 245 2350 ideoque
256 2316 362 2350 consequenter
373 2310 455 2343 solutiones
466 2310 575 2352 problematum
586 2311 735 2351 intricatisshnorurn,
747 2313 779 2344 sola

92 2365 119 2386 sua
128 2351 246 2394 profundissima
256 2352 340 2384 eruditione
350 2353 441 2393 ingenioque
450 2352 534 2386 incredibili
545 2352 596 2392 fretus,
607 2354 668 2386 nonnisi
678 2353 778 2387 conditionate

91 2396 152 2430 reddere
162 2397 219 2437 potuit;
231 2395 333 2428 admirationis
344 2396 390 2436 igitur
400 2407 494 2437 nequaquam
505 2402 531 2434 est¹
543 2396 596 2436 quodsi
608 2399 673 2436 spatium
683 2399 727 2430 unius
738 2400 778 2431 vitae

92 2440 165 2471 humanae
174 2449 205 2471 non
215 2436 287 2470 sufficeret
296 2437 314 2470 ad
323 2443 375 2470 cuncta
384 2439 400 2470 in
411 2444 488 2479 systemate
497 2440 539 2471 omni
549 2449 568 2471 cx
577 2443 619 2479 parte
628 2439 677 2478 logice
686 2440 779 2472 enucleatum

92 2481 194 2522 redigendum.
204 2478 302 2512 Considerate
310 2489 355 2521 porro
364 2481 422 2514 influxu
432 2482 509 2521 latissimo,
518 2491 564 2522 quem
573 2481 604 2514 sive
613 2482 651 2514 inter
660 2481 739 2515 orientales
748 2483 780 2514 sive

93 2524 189 2557 occidentales
200 2523 269 2562 exercuit,
279 2522 328 2556 evadit
336 2524 379 2564 quasi
388 2523 478 2564 inevitabile,
488 2524 529 2565 quod
538 2524 595 2557 multae
604 2523 623 2557 de
632 2524 664 2556 eius
673 2530 722 2557 mente
732 2524 779 2558 iactae

92 2567 148 2599 fuerint
160 2567 288 2606 interpretationes
301 2566 352 2599 falsae.
370 2567 456 2599 Cavendum
470 2577 509 2606 ergo,
522 2578 541 2598 ne
553 2578 572 2598 ex
584 2566 654 2599 affinitate
666 2570 732 2601 nominis
745 2570 777 2601 Ori-

92 2609 156 2649 ganisai
167 2609 185 2641 ad
197 2608 339 2648 consanguinitatem
350 2609 434 2649 proximam
444 2608 545 2647 concludatur,
556 2607 602 2641 modo
613 2614 630 2641 ut
641 2609 704 2649 Origeni
716 2611 779 2650 paterni·

93 2657 137 2683 tatem
147 2653 214 2684 omnium
224 2652 285 2682 istarum
295 2649 394 2683 doctrinarum
404 2651 514 2684 haereticalium
523 2649 608 2684 ascribatur.
