1657 3045
272 117 372 152 Dnurrorvx
386 117 527 152 rurucumorn
721 112 742 151 63

97 245 173 288 Sinatur
187 241 250 286 adhuc
264 257 325 286 unum
338 240 417 285 adverti.
439 240 520 298 Quodsi,
535 240 560 284 ad
574 238 707 283 difficultatem
721 251 745 281 ex

57 331 138 361 numero
147 315 297 376 explodendam,
307 314 394 375 pluribus
403 315 513 360 hominibus
521 314 573 358 idem
582 314 666 357 daemon
676 310 745 355 eodem

59 399 145 450 tempore
155 389 263 449 deputetur,
273 397 319 432 tunc
328 388 411 433 ambitus
420 389 521 433 activitatis
531 389 648 432 daemonum
659 385 708 430 adeo
718 383 746 427 di-

33 497 34 500 *
58 464 156 516 lataretur,
168 470 189 506 ut
200 462 278 506 tandem
289 461 394 521 aliquando
405 461 510 522 quamdam
520 461 674 505 omniscientiam
684 459 746 503 omni-

59 538 214 596 presentiamque
224 537 271 596 ipsis
283 535 375 579 ascribere
386 537 441 594 quasi
452 550 551 578 necessum
563 535 657 578 evaderet.
669 535 747 576 Notum

60 616 94 662 est,
102 616 188 661 econtra,
193 610 269 668 spiritus
277 622 336 668 puros
344 607 449 660 definitive,
458 608 497 651 sive
505 623 539 668 per
547 615 656 651 contactum
663 606 746 657 virtutis,

61 697 102 726 esse
114 683 135 725 in
147 682 197 735 loco,
211 690 229 726 et
241 681 330 743 proiecto
342 682 363 725 in
376 683 420 725 loco
432 682 501 726 maiori
513 682 545 725 vel
557 682 628 725 minori
641 679 747 724 secundum

61 755 201 815 perfectionem
211 757 292 800 virtutis.
311 755 392 804 Adhuc
403 763 473 806 autem,
485 755 539 814 quod
550 755 633 798 daemon
645 755 701 798 alicui
713 755 747 796 ho-

60 829 109 872 mini
119 843 195 889 semper
204 836 352 889 constanterque
362 837 381 872 et
390 829 463 889 ubique
471 828 521 872 adsit
530 852 557 859 —
567 829 614 872 sicut
623 830 644 871 in
654 828 748 871 sententia

62 902 176 950 affirmativa
188 902 321 961 expostulatur
332 925 360 931 -
371 909 448 961 oportet
460 903 491 945 isti
503 902 579 945 homini
592 915 646 945 suam
657 903 748 943 virtutem

63 976 155 1036 applicet;
170 983 189 1019 et
202 961 222 1018 si
230 974 275 1019 haic
288 977 316 1019 ita
328 974 410 1029 deditur,
424 974 507 1035 ideoque
520 988 610 1035 praesens
623 976 647 1018 sit
659 973 695 1026 hic,
708 988 748 1017 non

62 1048 139 1092 videtur
147 1049 246 1108 quomodo
254 1048 313 1092 simul
322 1057 409 1110 tempore
419 1049 462 1092 aliis
471 1048 582 1092 hominibus
592 1050 613 1091 in
623 1048 693 1091 dissitis
702 1048 749 1090 locis

65 1120 123 1181 (nam
131 1122 151 1174 ii,
160 1120 230 1182 quibus
239 1121 347 1183 deputatur,
356 1138 397 1167 non
405 1125 489 1183 supponi
498 1129 579 1183 possunt
588 1136 663 1182 semper
671 1121 749 1164 insimul

64 1194 125 1254 esse),
138 1210 193 1237 suam
204 1197 295 1238 virtutem
308 1195 411 1239 admoveat
422 1198 462 1239 sive
474 1195 570 1247 extendat,
583 1196 644 1238 itaut
657 1196 680 1238 sit
693 1203 712 1237 et
723 1193 751 1237 ihi

64 1285 159 1331 praesens.
169 1272 229 1314 -In
239 1272 293 1314 omni
304 1284 384 1322 summa,
394 1270 499 1313 constituto
509 1269 612 1328 unicuique
622 1269 697 1311 homini
708 1282 751 1327 pro-

64 1347 107 1405 prio
122 1344 223 1397 daemone,
237 1343 322 1387 mundus
336 1342 401 1387 evadit
415 1350 455 1386 tam
469 1343 539 1402 plenus
554 1341 677 1395 daemonum,
693 1355 751 1401 quam

64 1419 172 1470 hominum,
181 1425 200 1461 et
208 1418 267 1477 plane
274 1416 382 1461 verificatur
391 1416 475 1476 “ubique
483 1417 578 1460 daem0n”
587 1415 673 1459 -istud
682 1416 751 1473 stigma

65 1492 183 1536 credulitatis
197 1491 257 1534 medii
272 1492 322 1543 aevi;
338 1492 446 1549 praesentia
461 1491 585 1548 activitasque
599 1489 716 1533 daemonum
732 1489 752 1531 in

65 1563 139 1607 mundo
150 1564 199 1607 etin
210 1564 272 1607 salute
281 1564 383 1606 hominum
393 1562 514 1623 procuranda
524 1562 622 1606 ordinaria
633 1562 700 1621 regula
710 1576 752 1605 eva-

66 1636 100 1692 dit,
108 1638 173 1699 potius
181 1651 240 1698 quam
247 1635 398 1681 extraordinaria
407 1644 426 1680 et
433 1651 467 1697 per
474 1636 556 1680 modum
564 1627 688 1697 exceptionis:
699 1635 752 1697 quod

66 1726 101 1755 nec
113 1727 157 1770 cum
170 1710 235 1755 divina
247 1711 334 1755 bonitate
345 1709 519 1771 misericordiaque,
532 1726 567 1754 nec
578 1726 622 1754 cum
635 1709 753 1754 daemonum

66 1784 230 1843 poenainiernali
239 1786 297 1844 plene
306 1786 408 1827 convenire
416 1783 514 1827 videtur.¹²

119 1867 144 1927 b)
162 1870 190 1910 Ut
205 1868 249 1910 talis
264 1867 363 1926 deputatio
380 1882 403 1910 ex
417 1874 472 1926 parte
488 1867 605 1910 daemonum
620 1869 656 1910 rite
670 1866 710 1918 fiat,
726 1881 754 1910 re-

67 1941 149 2000 quiritur
156 1941 235 2000 insuper
241 1940 341 1999 Regimen
350 1938 435 1984 Ordinis
444 1955 480 1983 seu
489 1938 635 1985 Subordinatio
643 1942 693 1984 inter
701 1942 754 2000 ipsos

68 2015 148 2073 angelos
167 2014 235 2057 malos.
254 2015 329 2056 Verum
348 2021 382 2065 est,
402 2028 416 2056 s.
437 2015 554 2073 Scripturam
573 2015 670 2057 insinuare
689 2029 755 2073 quem-

68 2116 130 2123 --.—-

110 2156 133 2184 12.
145 2151 205 2189 Atvero,
218 2150 274 2191 duplici
286 2150 343 2183 ratione
354 2150 431 2191 hucusque
442 2150 534 2184 considerata
545 2156 625 2192 permotus,
638 2150 755 2184 convenientiam

68 2193 120 2226 saltem
130 2193 195 2225 admittit
203 2193 246 2225 Gius⁴
257 2191 342 2230 delibero,
352 2194 413 2224 satana:
423 2192 489 2231 l'Etrere,
500 2193 572 2231 Pliniana,
583 2192 595 2225 it
604 2195 677 2226 Dominio
690 2193 755 2233 (Torino

71 2236 118 2276 1934)
131 2236 165 2270 354:
177 2237 204 2268 ''lo
213 2247 243 2268 non
252 2235 304 2276 voglio
312 2233 389 2266 dilendere
397 2240 449 2275 questa
458 2236 529 2275 opinione
538 2247 546 2268 e
555 2245 622 2276 neppure
630 2235 717 2274 conlutarla,
727 2247 756 2275 nra,

70 2289 78 2310 e
87 2289 113 2320 per
123 2278 134 2310 il
144 2289 205 2311 numero
215 2276 300 2319 snagrande
309 2277 325 2309 di
335 2279 408 2317 tentatori,
418 2289 426 2310 e
435 2289 461 2319 per
471 2279 486 2312 lo
496 2278 602 2311 straordinario
610 2280 643 2312 loro
653 2285 704 2319 potere
713 2289 722 2311 e
730 2289 756 2319 per

69 2326 108 2354 tutto
117 2322 140 2353 eid
149 2321 176 2353 <hc
185 2319 253 2354 abbiamo
261 2321 300 2352 visto
309 2319 349 2351 della
358 2321 390 2353 loro
400 2326 456 2359 natura,
466 2321 485 2353 da
494 2333 515 2354 un
523 2322 577 2354 cattivo
586 2331 669 2362 compagno
679 2322 694 2354 di
703 2328 756 2362 questo

70 2374 127 2403 genere,
139 2363 165 2395 che
176 2364 206 2395 mai
217 2364 230 2396 ci
242 2364 277 2396 lasci
287 2374 296 2395 e
306 2363 333 2394 che
344 2371 388 2403 possa
398 2363 462 2404 pigliare
473 2369 538 2397 contacto
549 2374 577 2396 con
588 2367 614 2398 noi
625 2375 667 2397 come
678 2364 756 2404 equando

69 2407 114 2439 vuole
122 2406 152 2447 agli
160 2404 208 2438 effettl
217 2406 256 2438 della
264 2406 347 2438 tentazione
355 2415 393 2446 poco
401 2407 414 2439 ci
422 2416 468 2439 corre.
475 2431 478 2439 .
485 2432 488 2439 r
495 2432 498 2439 .
505 2409 513 2419 '¹
522 2406 616 2440 Probandum
624 2414 646 2440 est
654 2413 707 2446 autem,
715 2407 756 2447 quod

70 2460 139 2482 numerus
149 2455 238 2482 tentatorum
249 2447 352 2490 ''stragrande''
363 2449 386 2488 sit,
397 2448 471 2482 sufficiens
481 2449 542 2491 quidem
551 2460 579 2491 pro
589 2450 652 2491 singulis
663 2449 756 2489 hominibus3

70 2492 111 2532 quod
122 2498 172 2524 aulem
183 2491 202 2524 ad
215 2493 240 2524 ''lo
252 2491 357 2524 straorclinario
369 2492 402 2524 loro
413 2493 473 2532 potere¹¹
486 2499 546 2533 spectat,
558 2504 589 2525 non
601 2499 623 2525 est
635 2491 757 2531 obliviscendum,

71 2544 103 2566 eam
114 2534 144 2566 Dei
154 2533 228 2567 voluntati
240 2534 304 2567 totaliter
316 2532 394 2573 subiacere,
406 2534 470 2575 ideoque
481 2535 523 2576 loqui
535 2535 554 2568 de
565 2536 593 2567 ista
604 2534 720 2567 extraordinaria
731 2545 757 2576 po·

71 2577 121 2617 tentia,
131 2578 168 2619 quin
177 2577 222 2610 simul
232 2576 298 2611 eiusdem
307 2587 316 2609 a
324 2577 359 2611 Deo
368 2576 467 2619 dependentia
476 2577 580 2618 consideretur,
590 2589 620 2612 non
630 2584 652 2612 est
660 2579 689 2612 nisi
700 2584 758 2620 tempus

71 2625 124 2658 terere3
137 2626 151 2652 et
163 2619 203 2652 idern
214 2620 294 2652 dicendum
306 2620 324 2651 de
336 2620 363 2652 illa
375 2621 461 2653 omnimoda
473 2621 541 2653 libertate
553 2621 646 2660 daemonum,
659 2624 685 2662 qui
698 2623 757 2662 penitus

71 2662 90 2695 ad
99 2661 159 2696 libitum
169 2661 242 2703 ''pigliare
251 2667 316 2696 contatto
325 2673 353 2695 con
362 2664 397 2696 noi¹¹
407 2668 474 2705 possunt.
