1657 3045
285 566 510 611 RECAPITULATIO

94 742 130 784 RO
145 742 244 793 sententia,
259 755 297 799 qua
310 740 414 783 daemones
422 734 508 797 'singulis
520 737 631 782 hominibus
645 736 742 780 tentandis

65 854 66 857 ,
108 814 201 858 stabiliter
213 815 252 857 iam
265 829 275 856 a
288 815 388 856 nativitate
401 812 504 856 adhaerere
517 812 611 864 dicuntur,
625 812 741 856 NULLUM

49 888 246 938 ¹TESTIMONIUM
265 888 502 929 SCRIPTURISTICUM
521 885 585 928 afferri
603 892 676 943 potest;
695 885 741 934 imo,

55 960 172 1004 contrarium
182 959 278 1010 suadetur,
286 967 313 1002 'eo
323 958 376 1018 quod
387 960 488 1017 negotium
498 958 616 1002 daemonum
627 957 742 1001 tentantium

55 1034 120 1093 potius
127 1033 187 1076 modo
195 1033 281 1091 generali
289 1040 308 1075 et
316 1032 401 1075 instabili
409 1032 527 1084 describitur,
535 1039 630 1092 quatenus
638 1031 742 1073 daemones

55 1108 76 1149 ia
87 1105 124 1149 hoc
135 1121 179 1158 aeae
191 1106 268 1149 circatae
280 1114 399 1166 quaerentes,
411 1122 469 1165 quem
481 1105 579 1157 devorent,
592 1105 687 1148 dicuntur.
699 1107 742 1149 Nec

55 1182 91 1223 EX
99 1181 269 1223 TRADITIONE
278 1181 433 1222 PATRISTICA
442 1181 518 1222 contexi
527 1187 591 1238 potest
601 1186 742 1236 argumentum,

56 1268 95 1312 quo
108 1253 142 1296 tali
153 1255 258 1296 sententiae
270 1252 355 1296 solidum
366 1252 517 1296 fundamentum
529 1254 594 1295 ascisci
606 1259 669 1311 queat.
682 1253 742 1303 Nam,

56 1328 98 1369 iure
112 1341 152 1369 non
167 1328 236 1370 citatur
250 1328 287 1369 nisi
301 1329 392 1379 Hermas,
407 1341 465 1385 quem
480 1328 508 1369 uti
524 1327 657 1369 auctoritatem
671 1324 743 1369 habent

57 1400 158 1456 Origenes,
173 1401 190 1444 S.
206 1400 312 1457 Gregorius
326 1401 432 1456 Nyssenus,
448 1408 467 1444 et
481 1400 589 1452 Cassianus,
605 1406 680 1458 praeter
694 1413 743 1457 quos

57 1480 122 1515 autem
133 1474 204 1524 Patres
216 1474 328 1531 praesertim
338 1472 472 1525 occidentales,
484 1473 599 1516 altissimum
610 1480 676 1516 tenent
688 1472 743 1515 silen-

57 1545 111 1595 tium,
123 1546 210 1603 quamvis
220 1544 244 1588 de
255 1543 341 1588 custodia
353 1545 472 1602 angelorum,
483 1544 546 1604 deque
557 1545 675 1588 daemonum
685 1543 743 1588 inles-

57 1624 131 1665 tatione
142 1620 296 1681 frequentissime
307 1620 417 1679 loquantur.
430 1621 457 1662 Ex
469 1617 585 1678 quibusdam
596 1634 641 1662 vero
653 1617 743 1678 operibus

58 1696 127 1755 spuriis
145 1695 251 1737 multorum
270 1708 356 1736 errorum
375 1691 526 1744 scaturientibus,
546 1694 566 1735 in
585 1691 654 1751 quibus
673 1692 744 1751 pariter

58 1769 169 1819 affirmatur,
180 1767 234 1811 nulla
243 1768 346 1810 auctoritas
355 1765 455 1809 addicitur.
465 1768 525 1809 Penes
535 1766 580 1809 illos
589 1781 656 1809 omnes
666 1774 694 1809 est
704 1781 744 1810 sen-

59 1842 119 1884 tentia
133 1843 197 1899 potius
211 1841 291 1899 privata,
304 1855 363 1898 quam
377 1840 474 1898 persuasio
489 1840 615 1882 communiter
630 1854 641 1882 a
654 1838 744 1882 fidelibus

58 1913 172 1958 concredita.
189 1914 288 1965 Attamen,
299 1913 397 1957 MULTIS
408 1913 592 1956 SCHOLASTICIS
602 1914 745 1955 PRIMAEVIS

59 1988 126 2046 opinio
136 1987 170 2028 illa
180 1987 248 2038 arrisit,
259 1986 293 2028 sed
303 1987 359 2028 unice
368 1993 447 2044 propter
457 1987 590 2030 auctoritatem
600 1987 690 2044 Magistri
701 1979 750 2029 Sen-¹

60 2062 169 2112 tentiarum,
183 2061 217 2119 qui
231 2068 250 2103 et
263 2061 305 2118 ipse
318 2075 361 2103 earn
375 2075 399 2102 ex
413 2060 525 2103 auctoritate
539 2060 556 2103 S.
571 2061 661 2118 Gregorii
675 2061 745 2119 Magni

59 2133 130 2176 habere
140 2134 235 2175 immerito
248 2134 329 2191 putavit.
348 2133 458 2175 Auctoritas
470 2133 549 2191 quidem
562 2133 625 2176 solum
637 2142 678 2176 erat
691 2147 745 2191 argu-

59 2214 146 2249 mentum
158 2220 195 2264 pro
207 2222 230 2249 ea
242 2206 267 2249 ad
280 2206 377 2249 saeculum
390 2221 451 2265 usque
464 2205 560 2250 decimum
573 2215 653 2259 sextum,
666 2207 745 2267 quando

60 2280 149 2337 aliqualis
159 2280 281 2336 investigatio
291 2280 400 2336 theologica
409 2279 451 2322 fieri
461 2282 537 2338 incepit.
548 2282 567 2322 Α
576 2295 615 2338 quo
625 2287 745 2330 autemtem-

60 2366 107 2411 pore
119 2352 184 2395 nullus
197 2351 234 2395 luit
246 2351 355 2410 theologus,
368 2353 402 2411 qui
415 2353 529 2396 sententiam
542 2352 676 2397 affirmativam
689 2353 745 2397 firmo

60 2425 126 2483 aliquo
139 2424 266 2468 fundamento
280 2424 385 2483 solidisque
398 2426 504 2470 rationibus
517 2426 638 2485 comprobari
652 2441 709 2470 ausus
722 2429 746 2470 sit

61 2497 163 2548 affirmare;
175 2513 186 2540 a
197 2497 284 2556 pluribus
294 2512 340 2540 vero
351 2513 441 2541 concessa
452 2507 480 2543 est
490 2500 547 2543 huius
558 2502 585 2543 rei
596 2515 668 2558 magna
678 2500 746 2559 proba-

60 2570 130 2613 bilitas.
142 2572 161 2613 A
173 2578 227 2629 parte
239 2573 335 2627 negativa,
348 2580 431 2623 econtra,
443 2573 496 2616 haud
508 2576 564 2631 pauci
576 2588 620 2616 eam
632 2575 746 2617 sententiam

61 2650 126 2701 aperte
139 2644 249 2687 reiecerunt.

396 2752 417 2783 81
