1657 3045
356 122 455 159 Aaronom
726 122 748 160 93

60 249 155 303 parationes
165 247 255 301 parallelae
265 247 311 288 haud
322 259 384 301 paucae
395 247 438 286 inter
449 248 532 286 Hermam
542 253 559 287 et
568 246 657 300 scriptores
668 244 748 291 iudaicos

61 309 150 359 praecipue
163 307 258 352 Philonem,
271 308 315 345 trahi
328 306 413 358 possunt.⁶
426 307 476 345 Hanc
488 312 557 357 propter
570 305 674 350 relationem,
688 304 749 356 optimi

60 364 127 403 videtur
135 363 207 410 consilii,
217 363 344 415 angelologiam
353 370 369 402 et
378 363 526 413 daemonologiam
535 362 641 410 ludaeorum,
651 361 749 414 praesertIm

60 422 155 474 primorum
166 421 271 461 saeculorum
281 419 351 460 huiusce
362 434 404 466 erae,
416 420 520 473 profundius
531 421 637 471 investigare,
650 420 693 458 sicut
703 418 749 457 inira

29 510 31 512 .
61 480 163 518 ostendetur.

347 597 419 646 PARS
441 599 462 646 ll

139 724 226 783 Duplex
232 724 326 783 Angelus
334 724 357 767 in
364 722 486 768 Traditioue
494 722 670 768 Non-Christiana

102 853 290 893 PRAENOTAMEN.
297 854 372 891 -Cum
382 853 421 891 finis
430 853 499 893 huiusce
510 852 631 892 dissertationis
641 851 718 904 apprime
728 852 749 890 sit

61 910 130 949 nonnisi
143 908 238 961 dogmatica
250 910 334 962 expositio
346 909 449 963 quaestionis
461 909 483 949 de
495 908 559 962 duplici
571 908 638 961 angelo,
651 922 687 949 non
698 909 749 948 intrat

61 967 155 1007 formaliter
170 968 203 1007 nisi
218 975 302 1020 respectus
317 967 339 1006 ad
353 967 411 1020 fontes
424 968 530 1018 theologicos
544 968 640 1007 catholicos.
661 968 694 1005 Cui
708 980 749 1006 vero

61 1037 113 1077 scopo
124 1026 163 1063 satis
174 1038 210 1063 esse
221 1025 290 1071 iactum,
302 1025 389 1063 humiliter
399 1037 454 1078 spero.
472 1026 558 1075 Attamen,
569 1037 613 1069 cum,
625 1026 688 1062 utiam
699 1036 749 1077 supra

61 1088 152 1130 ostensum,
168 1082 208 1122 fons
224 1083 312 1135 originalis
327 1082 378 1122 huius
394 1083 458 1122 alienae
474 1082 560 1121 doetrinae
575 1095 611 1121 non
626 1082 678 1121 fuerit
692 1083 749 1134 ipsum

61 1140 158 1192 depositum
175 1142 287 1187 revelationis,
306 1141 435 1194 quodammodo
452 1142 526 1186 interest,
544 1141 632 1193 amplioris
649 1141 750 1179 scientificae

61 1199 164 1250 cognitionis
176 1210 229 1245 causa,
243 1198 379 1248 exarare3fontes
391 1198 483 1244 ulteriores,
496 1199 510 1236 si
523 1200 552 1251 qui
565 1199 603 1244 sint,
616 1199 652 1237 sive
663 1197 710 1251 apud
720 1210 749 1251 pa-

60 1269 114 1307 ganos
127 1258 163 1295 sive
177 1257 223 1309 apud
237 1256 313 1303 ludaeos,
329 1249 416 1295 undenam
429 1257 512 1295 sententia
526 1255 548 1296 de
561 1256 644 1295 daemone
657 1257 749 1309 unicuique

60 1315 130 1366 proprio
140 1327 187 1353 suam
192 1314 269 1353 habuerit
278 1315 363 1365 originem
367 1314 488 1368 undenamque
497 1315 632 1366 inposteriorem
640 1314 748 1352 traditionem

61 1368 170 1406 christianam
182 1367 283 1419 inserpserit.
303 1367 350 1406 Talis
362 1373 419 1406 autem
432 1366 528 1420 disquisitio
540 1366 654 1420 undequaque
666 1366 750 1418 completa

61 1430 81 1462 ut
91 1424 124 1470 fiat,
136 1436 239 1477 magnopere
250 1431 275 1463 est
284 1424 409 1476 exoptandum
420 1424 507 1476 praeberet
517 1425 588 1476 quidem
598 1425 655 1463 thema
665 1425 750 1476 optimum

62 1492 94 1534 pro
102 1481 171 1534 speciali
179 1481 236 1535 aliqua
245 1480 362 1520 dissertatione
369 1481 444 1520 laureali.
460 1482 572 1535 inpraesenti
581 1487 642 1529 autem,
651 1482 690 1534 plus
699 1494 750 1535 quam

62 1539 147 1579 delineare
157 1541 273 1593 quaestionem
282 1541 301 1579 in
311 1553 378 1592 genere,
388 1540 423 1579 sive
433 1539 486 1579 lineas
496 1547 512 1579 et
522 1539 585 1580 indicia
594 1540 680 1592 generalia
689 1540 750 1579 offerre

62 1609 98 1635 non
108 1598 175 1636 molior.

104 1658 192 1705 Quantum
202 1655 225 1694 ad
236 1655 330 1694 doctrinam
341 1655 363 1694 de
374 1655 438 1708 duplici
450 1655 512 1707 angelo
522 1656 589 1695 homini
600 1655 710 1708 personaliter
721 1651 749 1694 ad·

60 1715 145 1759 haerente,
159 1713 226 1751 videtur
240 1713 297 1752 adesse
311 1713 395 1766 quaedam
408 1715 485 1752 iunctura
499 1714 542 1752 inter
555 1715 692 1760 Mahumetanos,
706 1715 748 1752 anti-

61 1765 129 1818 quiores
147 1766 235 1817 scriptores
252 1766 356 1811 christianos,
374 1767 453 1812 Graecos,
471 1765 542 1805 ludaeos
559 1773 577 1804 et
593 1767 651 1805 Persas
667 1780 687 1805 ac
702 1765 750 1805 forse

62 1822 188 1875 aegyptiacos]

47 1902 48 1905 ’
101 1892 166 1929 APUD
181 1891 505 1942 MAHUMETANOs-Egregium
518 1892 594 1930 studium
607 1862 748 1943 daemonologiae

59 1948 78 1999 in
93 1948 130 2001 ipso
145 1950 205 1987 Koran
219 1947 293 1987 coniecit
307 1961 348 1987 mox
362 1949 422 1988 citatus
436 1949 526 1987 Gualterus
541 1948 639 1988 Eickmann.
660 1951 694 1988 Pro
707 1951 746 1988 Mo·

59 2005 140 2044 hammed
153 2005 224 2058 angelus
237 2012 262 2045 est
275 2019 339 2045 nomen
352 2007 430 2045 omnium
443 2007 533 2059 spirituum
546 2007 637 2054 bonorum,
651 2009 681 2061 qui
694 2007 747 2045 Allah

59 2064 180 2102 circumierunt
191 2071 208 2102 et
218 2065 297 2110 serviunt,
310 2065 351 2103 dum
361 2065 413 2103 verbo
424 2065 472 2116 gina,
483 2077 519 2103 non
529 2066 551 2104 ad
562 2072 617 2103 totum
627 2065 711 2104 mundum
722 2067 746 2103 in-

59 2115 144 2155 visibilem
160 2116 277 2155 denotandum
291 2117 334 2156 sieut
349 2116 433 2163 radicitus,
449 2116 479 2157 sed
494 2116 603 2156 solummodo
619 2129 651 2171 pro
666 2117 747 2157 inferiore

59 2174 150 2227 spirituum
161 2174 221 2214 ordine
232 2188 271 2214 usus
283 2178 321 2214 est.⁸
338 2176 364 2214 Ex
374 2175 494 2215 innumerabili
505 2183 554 2215 coetu
565 2176 665 2227 angelorum
676 2177 747 2228 singulis

101 2288 115 2319 6.
126 2286 157 2326 Qui
168 2285 204 2318 tales
214 2285 331 2325 comparationes
341 2282 392 2315 uidere
401 2287 465 2322 exoptat,
476 2282 519 2315 adeat
528 2293 585 2323 quaeso
594 2292 632 2323 opus
641 2282 704 2318 Studien
713 2294 747 2317 aaran

59 2327 113 2360 Hirren
122 2326 148 2360 des
156 2328 224 2365 Hermas,
234 2326 317 2366 Giittingen
328 2324 352 2365 (E.
361 2325 381 2357 A.
390 2323 453 2364 Hurhl«,
463 2322 539 2357 deficiente
548 2334 582 2366 pag.
591 2324 632 2357 tituli
641 2326 657 2358 in
666 2326 747 2366 exemplari

60 2382 69 2403 a
82 2381 106 2402 me
119 2369 191 2407 adhibito,
205 2376 280 2402 auctorem
294 2374 308 2401 et
321 2378 377 2400 annum
390 2366 496 2408 publicationis
509 2367 648 2407 ignoro—Adeas
662 2369 707 2401 etiam
719 2370 747 2402 Dr.

60 2411 107 2445 Andr.
119 2411 166 2449 Briill‚
177 2413 209 2444 Der
220 2410 256 2443 Hir-t
267 2408 293 2443 des
304 2410 368 2442 Hermas
380 2407 417 2442 nach
430 2409 508 2451 Ursprung
519 2418 534 2441 u.
545 2407 595 2442 lahela
607 2408 696 2448 untersracht,
709 2410 747 2442 Frei-

59 2454 118 2495 burgi.
130 2456 147 2486 B.
160 2453 236 2494 (Herder)
251 2457 294 2492 1882,
305 2464 321 2494 p.
332 2453 357 2486 62.

101 2506 115 2536 7.
127 2502 153 2534 W.
166 2500 251 2539 Eickmann,
263 2500 294 2532 Die
305 2497 406 2540 Angeiologie
419 2509 433 2532 a.
445 2496 557 2541 Dimonologie
569 2497 595 2532 der
607 2499 665 2533 Komar
677 2499 698 2533 im
711 2500 747 2535 Ver-

59 2542 108 2584 gleich
117 2555 135 2576 zu
144 2542 171 2575 der
179 2543 226 2584 Engel
235 2555 249 2576 u.
259 2542 358 2585 Geirterlehre
366 2542 393 2575 der
401 2542 415 2575 h.
424 2540 484 2583 Schrilt,
492 2544 533 2576 New
541 2542 583 2576 Yorlc
591 2548 604 2576 dr
613 2545 674 2584 Leipzig
685 2543 747 2584 (Selbsr-

59 2588 127 2627 herausg.
138 2584 162 2618 bei
174 2587 210 2618 Paul
221 2587 264 2626 Eget,
275 2584 345 2627 Leipzig)
361 2589 405 2624 1908,
416 2595 431 2626 p.
443 2586 468 2618 44.

100 2637 113 2665 8.
125 2631 211 2670 Eickmann,
224 2643 238 2664 o.
250 2642 268 2670 a,
279 2642 294 2672 p.
308 2636 334 2670 15;
347 2630 366 2664 de
377 2633 410 2664 istis
421 2631 458 2672 gina
470 2630 506 2664 vide
517 2632 561 2665 etiam
573 2630 626 2665 Taufilr
638 2633 702 2672 Canaan,
714 2635 746 2666 Dii·

60 2673 168 2716 monengtauhe
177 2675 198 2709 im
208 2674 258 2708 Laude
267 2673 294 2708 der
303 2673 350 2713 flaret,
361 2675 423 2716 Leipzig
433 2678 477 2714 1929,
487 2685 502 2716 Ρ·
512 2675 527 2708 4.
