1657 3045
266 109 367 147 brunone
380 109 522 147 insumamus
716 112 737 148 37

51 235 142 286 clarescit,
156 236 171 277 si
183 233 320 286 consideratur,
333 234 386 293 quod
398 235 510 278 huiusmodi
522 233 657 278 traditionibus
670 247 705 292 per
718 247 739 275 se

51 307 128 353 nullum
137 306 215 367 pondus
225 306 297 351 accedit
308 307 328 350 in
338 306 395 351 rebus
405 307 519 366 theologicis
529 305 687 367 comprobandis;
698 320 738 349 non

52 388 132 443 possunt
143 396 189 440 ergo
200 383 221 424 in
232 388 368 440 argumentum
379 379 448 435 afferri,
459 382 496 426 nisi
507 389 586 434 constet,
597 396 629 426 eas
640 381 661 424 in
672 380 738 440 aliquo

28 482 29 485 =
51 456 106 500 lonte
115 455 237 498 revelationis
247 454 393 515 quodammodo
403 455 489 499 radicari.
505 457 586 515 Optime
595 456 620 499 de
630 457 657 498 eis
666 453 739 497 iudicat

52 529 240 573 GAZZANIGA:5⁷
258 530 306 571 “Eas
322 529 435 588 recepimus,
452 528 485 572 ubi
501 528 526 572 de
541 530 623 587 Angelis
640 527 696 571 bonis
713 527 738 571 ad

51 601 158 646 custodiam
169 603 272 646 hominurn
283 602 383 646 destinatis
396 616 458 646 sermo
471 609 516 654 erat,
529 605 574 662 quia
586 605 643 647 sacris
655 604 737 653 Litteris,

52 675 160 734 sanctisque
174 674 261 719 Patribus
275 675 405 728 consentiunt;
421 674 498 718 easdem
512 683 576 718 autem
590 675 692 736 repudiare
706 675 737 718 de-

52 748 125 799 bemus,
135 746 214 807 quando
224 754 257 791 aut
267 749 366 793 tutissimis
375 755 453 791 nostrae
463 755 538 792 sanctae
548 749 646 806 religionis
656 749 738 792 oraculis

53 827 118 880 aperte
131 828 248 880 repugnant:
266 828 299 865 aut
313 822 382 865 saltem
397 836 464 865 eorum
479 823 591 865 auctoritate
604 823 685 865 minime
700 822 738 864 tul-

52 895 146 937 ciuntur.’'

91 979 182 1024 Vidimus
192 987 256 1023 autern
266 978 343 1021 nullum
352 977 419 1021 haberi
429 978 508 1020 huiusce
518 979 545 1020 rei
554 979 657 1035 vestigium
666 979 687 1019 in
696 980 738 1036 ipsa

53 1068 66 1096 s.
77 1053 179 1111 Scriptura,
188 1060 213 1104 et,
223 1052 276 1111 quod
286 1051 310 1094 ad
321 1057 456 1107 argumentum
465 1050 574 1093 traditionis
584 1051 678 1092 Ecclesiae
688 1065 738 1109 spec·

52 1132 86 1177 tat,
100 1140 124 1168 ex
137 1124 256 1184 suprarelato
270 1124 350 1167 elencho
363 1123 518 1166 testimoniorum
532 1121 683 1182 eorumdemque
696 1123 739 1166 crisi

52 1199 88 1240 rite
100 1197 227 1249 concluditur,
241 1196 393 1256 appellationem
406 1196 431 1239 ad
444 1194 567 1239 traditionem
581 1196 677 1239 immerito
691 1194 738 1247 fieri,

52 1271 98 1330 quia
107 1285 153 1313 vera
163 1268 240 1313 traditio
247 1258 290 1312 ‘non
300 1276 334 1313 est.
351 1261 435 1328 Excepto
446 1268 498 1312 enirn
508 1269 526 1312 S.
537 1269 633 1326 Gregorio
642 1270 738 1326 Nysseno,

52 1344 117 1387 nullus
128 1345 182 1388 citari
193 1350 257 1402 potest
268 1346 323 1386 Pater
334 1343 434 1395 Ecclesiae,
446 1344 479 1402 qui
490 1342 621 1386 indubitanter
632 1350 690 1395 tenet,
702 1344 739 1386 sin-

52 1420 103 1479 gulis
114 1419 226 1464 hominibus
239 1419 306 1464 adesse
319 1420 377 1464 etiam
389 1419 505 1463 damnonem
517 1420 679 1479 impugnatorem.
700 1419 739 1475 Qui

52 1500 175 1557 caeteroquin
184 1496 253 1540 dehac
262 1512 282 1540 re
291 1497 351 1540 locuti
359 1504 409 1548 sunt,
418 1497 496 1539 nonnisi
505 1498 619 1555 scriptorum
629 1496 739 1540 ecclesiasti-

52 1589 119 1619 corum
125 1576 204 1617 nomine
212 1574 299 1631 insigniti
307 1580 357 1625 sunt,
365 1573 474 1633 minorique
482 1573 600 1617 auctoritate.
608 1575 666 1617 Ratio
675 1580 739 1617 autem

53 1653 153 1711 potissima
168 1653 188 1694 in
203 1666 226 1695 eo
241 1660 276 1702 est,
291 1649 345 1709 quod
359 1657 400 1693 tota
414 1651 462 1693 haec
477 1651 534 1693 series
549 1650 699 1693 affirmationum
715 1650 739 1693 de

52 1730 131 1790 proprio
157 1728 252 1773 daemone
276 1727 355 1772 cuilibet
379 1728 454 1770 homini
480 1728 576 1786 assignato
602 1727 657 1771 unice
683 1741 740 1788 super

51 1809 149 1849 Pastorem
163 1809 248 1849 Hermae
260 1805 355 1849 conditur.
374 1807 440 1857 Nunc,
453 1807 490 1848 hoc
502 1807 588 1847 Hermae
601 1806 739 1856 testimonium,

52 1885 119 1942 utique
128 1883 285 1934 vetustissimum,
295 1881 349 1925 haud
359 1880 451 1940 praebere
461 1880 568 1926 doctrinam
578 1881 704 1942 apostolicam
716 1898 740 1925 ex

53 1976 76 2003 eo
89 1961 157 2013 elucet,
170 1960 223 2020 quod
236 1974 303 2003 omnes
316 1961 346 2002 illi
359 1961 429 2012 Patres,
443 1961 477 2020 qui
489 1968 530 2002 tarn
543 1959 654 2020 frequenter
667 1968 686 2004 et
699 1969 740 2004 tam

53 2036 96 2080 fuse
109 2037 134 2081 de
147 2037 234 2081 custodia
246 2037 342 2081 bonorum
356 2038 470 2095 angelorum
483 2044 594 2090 tractarunt,
609 2053 633 2081 ne
646 2053 686 2081 una
699 2041 739 2097 qui·

53 2114 97 2158 dem
107 2115 176 2159 vocula
186 2114 258 2159 dictam
268 2115 382 2158 sententiam
393 2114 418 2158 de
427 2116 507 2174 proprio
518 2115 613 2160 daemone
624 2130 739 2160 commemo-

53 2199 101 2237 rant
121 2194 258 2252 Nequicquam
272 2193 341 2252 scripta
354 2206 422 2235 eorum
434 2191 567 2253 perleguntur,
580 2195 693 2253 praesertim
707 2194 740 2238 ubi

53 2269 78 2314 de
90 2270 204 2329 angelorum
215 2271 330 2330 stipatorum
341 2284 421 2314 munere
432 2271 453 2314 in
464 2270 583 2315 daemonum
595 2272 701 2317 iucursibus
712 2288 740 2317 re-

53 2348 187 2407 pellendis-
197 2348 230 2392 ubi
243 2349 294 2391 enim
306 2348 445 2407 logicissimum
457 2357 506 2394 esset
518 2349 543 2394 de
555 2351 633 2409 speciali
645 2350 740 2394 daemone

54 2432 149 2468 tentatore
163 2427 285 2469 sermocinari
297 2450 325 2456 —-
337 2427 364 2469 ita
379 2433 401 2469 ut
413 2427 473 2485 pleno
488 2428 544 2471 alveo
558 2428 623 2471 effluat
635 2429 683 2472 haec
697 2444 740 2472 con-

54 2501 122 2545 clusio:
135 2502 171 2544 DE
183 2503 242 2545 ISTA
253 2502 404 2547 SENTENTIA
415 2503 513 2547 PATRES
523 2504 633 2549 TENENT
645 2506 741 2549 ALTUM

54 2602 116 2610 —-..

96 2650 120 2680 57.
130 2644 177 2678 Praei.
187 2645 244 2684 Theal,
254 2648 276 2680 lV
285 2646 320 2681 diss.
331 2651 338 2679 1
348 2657 360 2679 c.
370 2651 389 2683 19
397 2658 412 2680 n.
422 2652 457 2684 309.
