1633 3045
80 120 101 153 12
279 115 309 153 Da
320 115 449 152 Sruauaonum
461 114 564 151 Homuum

80 243 145 302 angeli
153 244 173 286 in
180 242 255 285 visione
263 242 367 301 loquentis:
379 240 444 284 “Audi
453 256 509 292 nunc,
518 240 587 299 inquit,
595 242 681 299 primum
688 239 713 282 de
721 237 766 281 fide.

78 317 126 358 Duo
137 323 181 358 sunt
192 314 257 372 angeli
267 329 311 357 cum
321 314 407 366 homine,
418 329 468 358 unus
479 314 563 357 iustitiae
573 320 593 356 et
603 327 654 355 unus
663 312 766 371 nequitiae.

79 387 185 445 Quomodo
198 389 263 446 igitur,
276 387 362 447 inquam,
375 388 467 440 Domine,
481 387 602 447 operationes
617 400 684 430 eorum
697 399 767 444 cogno·

80 477 137 515 scam,
146 477 190 506 cum
199 460 256 505 ambo
265 461 330 520 angeli
338 475 415 505 mecum
423 460 532 518 habitent?'’
541 462 565 503 Et
572 467 677 520 postquam
686 459 767 519 descrip-

81 542 112 579 tae
120 542 165 579 sunt
172 535 219 580 boni
228 534 292 593 angeli
301 536 430 594 operationes,
440 533 524 578 additur:
537 534 611 577 “Cerne
620 548 671 577 nunc
680 540 700 576 et
708 547 768 592 opera

81 609 146 668 angeli
157 608 261 668 nequitiae.
274 608 360 651 Primum
372 609 461 652 omnium
472 607 575 652 iracundus
587 615 615 650 est
628 615 647 651 et
660 621 736 651 amarus
749 613 769 649 et

81 682 166 735 demens,
177 687 196 726 et
205 695 265 742 opera
275 682 315 725 eius
325 681 378 725 mala
387 689 432 725 sunt
442 688 461 726 et
470 688 581 743 pervertunt
592 695 656 725 servos
666 681 713 734 Dei;
725 695 769 724 corn

82 757 141 814 igitur
154 758 185 799 hic
199 757 220 798 in
232 770 265 798 cor
279 762 335 799 tuum
347 754 459 807 ascenderit,
474 770 568 813 cognosce
582 769 627 797 eum
641 770 665 797 ex
678 753 769 813 operibus

83 830 128 872 eius.
138 864 142 872 .
151 864 155 872 .
164 863 168 871 .
176 830 186 844 ”
199 830 223 871 Et
234 827 297 872 adhuc
308 828 347 872 alia
357 828 405 871 mali
417 829 481 887 angeli
493 842 552 888 opera
563 835 648 872 recenset
660 834 679 871 et
690 827 770 870 tandem

82 901 188 945 concludit:
203 901 247 944 “Tu
258 916 305 960 ergo
317 916 361 945 cum
374 902 487 960 cognoveris
499 915 558 961 opera
570 901 616 953 eius,
629 900 696 944 recede
709 900 733 944 ab
746 914 769 943 eo

83 982 102 1018 et
114 976 163 1018 nihil
175 975 193 1018 ei
205 974 267 1027 crede,
279 975 325 1035 quia
337 989 397 1034 opera
409 976 450 1018 eius
461 975 514 1018 mala
527 982 570 1018 sunt
583 982 602 1018 et
614 975 721 1035 perniciosa
733 988 770 1016 ser-

83 1050 112 1092 vis
125 1050 182 1092 Deil'

123 1137 146 1178 ln
161 1133 251 1179 iaciendo
266 1136 392 1179 EXAMINE
408 1136 535 1180 EXTERNO
551 1135 608 1179 huius
624 1137 688 1196 operis
703 1141 771 1177 notare

84 1210 142 1261 iuvat,
153 1208 213 1269 quod,
224 1223 264 1252 non
274 1208 395 1253 obstantibus
405 1209 473 1252 multis
482 1210 588 1269 peritomm
600 1208 770 1269 disquisitionibus,

84 1281 176 1326 iudicium
190 1283 244 1325 omni
257 1297 281 1326 ex
294 1290 348 1342 parte
361 1281 483 1325 definitivum
496 1281 559 1326 adhuc
572 1297 612 1325 non
626 1290 654 1326 est
667 1283 771 1342 prolatum.

84 1356 218 1399 Communiter
232 1362 308 1399 tenetur
321 1363 424 1407 auctorem,
439 1355 509 1400 laicum
523 1355 608 1416 aliquem
622 1363 641 1399 et
655 1370 737 1409 servum,
751 1357 772 1399 in

84 1430 147 1487 primo
159 1427 240 1472 dimidio
251 1428 322 1471 saeculi
333 1427 411 1471 secundi
421 1430 472 1472 hunc
482 1428 554 1472 librum
564 1430 664 1481 moralem,
675 1444 715 1472 non
725 1444 772 1471 vero

85 1509 148 1544 totum
158 1500 221 1553 simul,
231 1502 370 1561 conscripsisse.
380 1502 443 1561 Ipsius
453 1508 518 1546 autem
527 1502 580 1562 apud
589 1516 670 1546 coaevos
680 1504 772 1562 posterio-

85 1588 153 1634 resque
163 1575 265 1618 auctoritas
274 1589 310 1618 nec
319 1574 387 1618 eadem
397 1589 472 1634 semper
481 1590 516 1619 nec
525 1583 614 1620 constans
624 1577 681 1630 erat;²
692 1576 773 1619 sufficiat

85 1649 122 1701 hic,
130 1655 152 1692 ut
160 1647 213 1693 brevi
221 1655 297 1691 tantum
304 1648 385 1692 elencho
393 1648 473 1708 quidam
481 1656 577 1693 notentur.
586 1651 616 1693 Ita
625 1664 676 1708 ergo,
686 1650 703 1694 S.
713 1650 773 1693 Atha-

85 1722 150 1765 nasius
161 1730 181 1765 et
191 1721 325 1766 Theodoretus
336 1724 434 1766 Pastorem
447 1723 569 1766 considerant
581 1725 703 1776 canonicum3
716 1732 774 1767 notus

86 1808 145 1854 porro
156 1802 175 1838 et
186 1794 303 1854 approbatus
314 1793 352 1837 rur
363 1810 374 1837 a
386 1797 403 1839 S,
415 1797 501 1848 Irenaeo,
513 1796 614 1840 Clemente
624 1796 688 1850 Alex,
700 1804 720 1840 et
731 1798 774 1840 Ori-

87 1869 150 1926 gene.5
160 1869 178 1912 S.
188 1869 319 1926 Hieronymus
327 1883 373 1912 vero
382 1867 440 1913 refert
449 1868 521 1914 librum
530 1871 589 1913 istum
598 1878 691 1929 tanquam
700 1871 773 1922 utilem,

129 2019 144 2046 2.
154 2013 214 2047 Habeas
224 2015 274 2047 omnia
285 2016 366 2047 ‘'Vetemm
376 2015 468 2048 Testimonia
480 2015 498 2049 de
509 2017 523 2050 Si
534 2017 600 2049 Herma
611 2017 627 2049 in
638 2027 685 2049 unum
695 2015 756 2050 collecta
767 2027 775 2049 a

89 2056 155 2140 Gagand
167 2056 247 2098 (Veterum
258 2058 317 2090 Pataram
328 2057 424 2097 Bibliotheca,
436 2061 443 2091 l
453 2061 521 2091 Veneriis
534 2060 581 2100 1765)
595 2069 618 2099 ap.
629 2059 654 2094 M.
668 2060 708 2100 (PG.
720 2064 728 2092 2
740 2063 775 2095 819-

132 2156 146 2187 3.
158 2151 241 2183 Commeat,
253 2149 268 2181 in
280 2150 306 2190 Ep.
318 2148 338 2180 ad
348 2149 396 2186 aaa,
407 2148 424 2179 X
434 2159 449 2180 n.
462 2152 480 2183 31
495 2147 535 2189 (PG.
549 2150 568 2180 14
580 2149 635 2190 1282),
647 2148 723 2190 loquendo
734 2147 753 2182 de
764 2158 776 2182 e.

91 2194 115 2233 16,
125 2205 140 2227 v.
152 2193 176 2232 14,
187 2190 214 2227 ubi
225 2191 307 2233 Apostolus
319 2196 423 2224 commemorat
435 2192 531 2229 '‘Hermam‘’
543 2192 616 2232 Origenes
628 2192 654 2224 ait:
669 2192 716 2224 “Puto
728 2197 777 2224 tamen

89 2236 130 2277 quod
140 2237 203 2268 Hermas
214 2235 241 2266 iste
251 2235 270 2265 sit
279 2234 341 2272 scriptor
351 2231 399 2265 libelli
409 2232 450 2264 illius
460 2233 486 2273 qui
496 2234 548 2265 Pastor
558 2233 646 2273 appellatur,
656 2244 694 2274 quae
705 2235 776 2274 scriptura

89 2277 134 2310 ualde
142 2277 180 2310 mihi
188 2275 230 2309 utilis
239 2275 302 2313 videtur,
312 2280 327 2308 et
336 2280 352 2307 ut
361 2279 398 2315 puto
407 2274 479 2307 divinitus
488 2275 564 2316 inspirata.
571 2300 574 2308 .
581 2299 585 2306 .
591 2300 595 2307 .
601 2276 610 2287 ¹'
620 2275 656 2308 Ideo
665 2282 687 2308 sat
696 2277 777 2308 communi·

91 2326 112 2353 ter
121 2330 167 2360 penes
176 2320 231 2360 priscas
240 2318 308 2350 ecclesias
317 2328 376 2357 graecas
386 2318 437 2349 Pastor
446 2327 473 2349 reu
482 2316 520 2350 liber
530 2318 610 2358 inspiratus
620 2323 642 2350 est
652 2323 732 2359 reputatus,
742 2318 778 2359 quia

91 2363 118 2397 iste
129 2363 193 2395 Hermas
205 2371 214 2394 a
224 2361 239 2394 S,
250 2360 297 2393 Paulo
309 2360 393 2392 nominatus
404 2357 444 2393 falso
455 2359 555 2393 consideratus
567 2365 589 2393 est
601 2361 648 2400 ipsius
660 2367 715 2395 auctor,
727 2363 778 2394 Pastor

91 2416 127 2446 ergo
140 2406 200 2437 nonnisi
214 2404 252 2436 inter
265 2401 311 2435 libros
325 2402 417 2443 apocryphos
430 2403 447 2435 in
460 2401 500 2435 bono
514 2413 558 2434 sensu
570 2408 637 2442 acceptos
651 2409 673 2435 est
685 2402 778 2443 relegandus,

91 2448 133 2481 utilis
142 2447 203 2488 quidem
211 2446 231 2479 ad
240 2445 351 2478 instructionem
361 2445 436 2484 moralem,
446 2445 508 2478 minime
516 2456 552 2478 vero
561 2444 580 2478 ad
590 2444 671 2479 doctrinam
680 2445 779 2487 dogmaticam

92 2491 193 2525 auctoritative
201 2488 312 2522 conficiendam
319 2488 380 2527 Tamen,
388 2489 405 2521 in
412 2490 500 2529 Fragmenta
507 2488 615 2527 Maratoriaao,
624 2489 684 2529 legitur:
695 2490 780 2522 “Pastorem

91 2544 127 2566 vero
136 2534 221 2574 nuperrime
231 2530 322 2572 temporibus
330 2532 387 2564 nostris
398 2532 414 2564 in
424 2531 465 2564 Urbe
475 2532 542 2563 Romana
551 2532 608 2563 Herma
618 2532 709 2571 conscripsit,
720 2531 780 2564 sedente

92 2575 161 2608 cathedra
170 2574 215 2608 Urbis
225 2575 281 2606 Romae
291 2573 360 2606 ecclesiae
370 2574 397 2606 Pio
408 2573 478 2615 episcopo
488 2572 533 2606 tratre
543 2574 579 2607 eius,
590 2574 608 2605 Et
618 2572 652 2607 ideo
662 2574 692 2615 legi
703 2585 737 2607 eum
747 2575 780 2615 qui·

92 2618 127 2651 dem
138 2623 200 2658 oportet,
212 2628 228 2649 se
239 2615 314 2657 publicare
324 2627 360 2648 vero
371 2618 388 2648 in
398 2617 459 2649 ecclesia
470 2616 528 2657 populo
539 2626 588 2656 neque
599 2617 637 2648 inter
648 2617 729 2658 Prophetas
741 2626 779 2650 com·

92 2661 149 2703 pletum
158 2670 225 2699 numero,
236 2669 284 2700 neque
294 2659 333 2692 inter
342 2659 424 2701 Apostolos
435 2658 480 2692 finem
489 2665 574 2700 temporum
584 2660 646 2699 potestl’
