1633 3045
70 115 93 152 48
270 115 300 151 Du
312 115 440 152 Saueurouuu
452 115 555 151 Houruuu

72 242 124 284 enim
138 248 201 284 toturn
216 239 325 284 Hildeberti
340 248 442 286 tractatum
457 241 545 301 perlegit,
562 242 626 285 statim
641 241 694 284 videt
709 240 758 283 duos

70 315 182 375 praesertim
193 328 233 359 esse
243 315 308 358 Patres
319 313 343 359 ab
355 323 432 359 auctore
443 316 562 376 frequentius
573 318 677 367 invocatos,
689 316 706 358 S.
718 315 758 357 Au·

71 391 171 447 gustinum
178 403 248 448 nempe
257 397 276 431 et
284 390 302 432 S.
310 391 428 447 Gregorium
436 393 465 433 M.
474 390 580 434 citationes
589 397 654 433 autem
663 404 686 431 ex
694 389 759 448 priore

72 464 127 507 Patre
140 470 217 507 exactae
230 471 274 507 sunt
286 478 360 516 omnes,
373 463 452 524 dempta
464 463 546 508 forsitan
557 479 596 507 una
608 463 655 507 sola.
674 460 758 514 Deinde,

72 536 98 578 ad
111 537 228 593 Gregorium
243 536 296 594 quod
310 538 384 587 attinet,
399 536 451 579 idem
465 537 545 579 omnino
558 536 635 578 videtur
649 535 758 577 dicendum.

73 607 106 652 nd
115 623 156 651 rem
165 607 301 652 illustrandam
311 608 406 653 sufficiant
415 609 511 669 quaedam
521 609 615 668 exempla.
633 610 706 667 ltaque,
717 607 760 651 Hil-

74 681 163 727 debertus
177 683 198 725 in
212 697 228 726 c.
244 689 254 725 1
269 681 299 727 bis
313 683 359 726 citat
373 684 496 740 Gregorium,
511 691 530 727 et
545 683 624 743 quidem
638 684 675 726 hoc
689 682 757 726 modo:

73 758 191 816 “Gregorius
204 758 225 800 in
238 758 320 801 homilia
333 758 448 818 quadam..
458 761 519 801 .ltem
531 757 622 802 ibidem..
632 792 635 800 .
645 758 678 801 .”²⁵
699 759 759 816 Hugo

74 838 138 874 autem
149 832 169 873 in
180 831 224 873 loco
236 830 415 891 correspondente²⁶
425 832 469 891 plus
481 831 534 874 dicit:
549 832 667 889 “Gregorius
679 830 760 873 homilia

75 906 136 948 tertia.
146 938 149 947 .
158 938 162 947 .
171 938 175 947 .
183 905 232 948 Item
248 905 268 947 in
284 905 377 963 Dialogo.
386 939 390 947 .
399 940 403 948 .
412 940 416 949 .
424 906 435 918 '¹
451 906 496 958 Hic,
512 905 619 949 ΜΙΕΝΕ27
636 904 661 948 ad
677 903 761 963 priorem

74 980 185 1022 citationem
196 977 307 1022 Hildeberti
318 977 378 1022 refert
389 979 480 1022 lectorem
492 978 517 1022 ad
529 980 547 1022 S.
559 979 649 1036 Gregorii
661 979 721 1021 Hom.
737 979 761 1020 16

75 1050 109 1095 sed
121 1065 205 1095 erronee.
225 1053 333 1104 Enimvero,
347 1054 433 1104 materia,
447 1068 497 1112 quae
509 1054 529 1095 in
541 1053 578 1096 hac
591 1051 664 1112 duplici
677 1067 701 1095 ex
714 1053 761 1095 Gre-

75 1126 131 1183 gorio
138 1125 229 1169 citatione
238 1126 345 1185 exponitur,
354 1127 375 1168 in
383 1125 469 1169 eiusdem
477 1128 537 1169 raom,
545 1129 572 1169 26
580 1127 600 1170 in
608 1128 680 1184 anng
689 1126 761 1168 inveni-

75 1199 129 1250 tur,²⁸
142 1198 215 1258 quippe
228 1205 322 1257 quantum
335 1198 360 1242 ad
373 1197 498 1243 substantiam
512 1207 530 1243 et
543 1200 598 1258 quasi
611 1198 636 1242 ad
648 1197 712 1250 verba,
727 1199 762 1241 etsi

76 1270 144 1315 ordine
153 1270 295 1331 aliquantulum
305 1271 380 1316 diverso
391 1272 489 1332 disposita.
506 1275 567 1332 Hugo
577 1274 636 1331 igitur
645 1272 717 1331 duplici
728 1287 763 1316 sua

76 1350 167 1393 citatione
179 1357 234 1401 errat,
251 1348 333 1408 (etenim
345 1362 380 1391 nec
392 1348 465 1406 primus
477 1348 531 1390 locus
544 1355 572 1390 est
583 1348 643 1391 Hom.
656 1353 674 1397 3,
687 1361 722 1389 nec
735 1360 762 1388 se-

76 1422 150 1467 cundus
162 1422 211 1465 alter
222 1436 281 1482 quam
292 1419 368 1481 prior);
381 1428 464 1473 econtra,
477 1419 603 1465 Hildebertus
615 1435 659 1464 cum
672 1434 705 1464 sua
718 1420 763 1463 cita-

77 1498 129 1539 tione
140 1494 241 1539 indetinita
251 1496 319 1538 erroris
330 1495 385 1551 argui
395 1495 467 1552 nequit.
478 1518 505 1524 —
515 1494 601 1536 Ulterius
613 1493 637 1537 ab
647 1493 763 1536 Hildeberto

76 1569 145 1611 citatur
155 1569 172 1611 S.
185 1568 291 1625 Gregorius
302 1570 331 1610 M.
343 1568 364 1609 in
375 1581 401 1609 cc.
413 1573 431 1618 2,
444 1573 462 1618 8,
476 1572 505 1618 12,
518 1574 552 1609 etc.

102 1641 211 1699 Diligentia
220 1638 330 1683 Hildeberti
340 1642 361 1683 in
371 1639 458 1683 Patribus
468 1640 549 1682 citandis
559 1640 621 1682 adhuc
631 1641 651 1681 in
662 1654 677 1681 c.
689 1644 719 1690 22,
730 1639 763 1681 ubi

76 1727 166 1773 praesens
175 1714 262 1772 quaestio
271 1712 296 1756 de
305 1708 377 1771 duplici
387 1712 457 1770 angelo
466 1720 561 1764 movetur,
570 1711 631 1756 nitide
641 1718 763 1762 sustentatur,

78 1786 174 1846 simulque
190 1785 323 1829 difficultatem
338 1786 406 1844 gignit.
429 1784 534 1844 Siquidem,
549 1786 570 1827 in
586 1786 680 1845 principio
697 1785 764 1844 capitis

78 1859 185 1903 doctrinam
196 1857 221 1901 de
231 1858 331 1902 ordinibus
342 1860 472 1918 missioneque
484 1860 597 1917 angelorum
610 1859 695 1918 exponit,
707 1866 765 1918 atque

77 1934 157 1976 nomina
168 1933 276 1983 Michaelis,
288 1932 391 1983 Gabrielis,
404 1939 422 1975 et
433 1933 538 1991 Raphaelis
550 1933 647 1991 explanat.
666 1932 720 1987 Quin
731 1946 764 1975 no-

77 2006 166 2048 minatim
178 2006 250 2056 citetur,
262 2006 310 2047 haec
321 2018 365 2063 pars
376 2004 456 2048 indubie
468 2021 479 2047 a
490 2006 508 2048 S.
520 2006 616 2062 Gregorio
628 2012 733 2057 mutuatur,
746 2013 765 2048 et

78 2079 147 2122 merito
164 2077 256 2121 adhunc
272 2077 336 2121 locum
352 2079 443 2122 MlGNE
459 2079 505 2122 citat
521 2079 611 2136 Gregorii
627 2080 687 2122 Hom.
704 2081 729 2125 31
745 2077 764 2121 iu

78 2152 157 2209 Eaang,
169 2151 190 2192 in
201 2166 240 2209 quo
252 2151 295 2193 loco
306 2150 374 2194 eadem
385 2152 465 2194 omnino
477 2149 564 2194 doctrina
575 2152 695 2194 invenitur.²⁹
706 2152 765 2194 Ante-

80 2239 138 2283 quam
153 2231 217 2267 autem
232 2222 257 2266 de
270 2224 329 2267 inciso
344 2225 393 2267 circa
407 2223 505 2283 duplicem
519 2224 611 2283 angelum
625 2231 699 2282 agatur,
713 2224 767 2284 quod

80 2298 151 2356 pariter
164 2311 188 2338 ex
201 2297 218 2339 S.
233 2297 328 2353 Gregorio
340 2299 371 2357 M.
386 2296 498 2340 credebatur
512 2304 623 2349 extractum,
637 2299 727 2340 convenit
742 2297 766 2340 ad

80 2371 156 2413 tertiam
169 2368 256 2412 eiusdem
269 2370 329 2412 Patris
342 2370 453 2413 citationem
466 2372 486 2413 in
499 2372 536 2413 hoc
549 2385 564 2414 c.
579 2375 603 2412 22
617 2370 727 2415 Hildeberti
739 2386 766 2414 re-

122 2494 146 2524 25Δ
157 2488 204 2522 Tract
215 2486 272 2527 Theoi,
284 2497 296 2520 c.
308 2491 315 2519 1
329 2487 365 2529 (PL.
377 2492 405 2522 171
417 2487 473 2529 1069).

122 2534 146 2565 16.
156 2532 217 2566 summa
225 2532 269 2569 tear,
278 2535 296 2563 tr.
306 2534 314 2563 1
323 2541 336 2563 c.
344 2534 353 2563 2
364 2531 400 2573 (PL.
409 2532 439 2566 116
446 2530 483 2572 tr).

122 2580 147 2608 27.
157 2576 185 2607 ΡΙ..
196 2578 224 2608 171
235 2575 279 2609 1069.

122 2623 146 2651 28.
157 2619 185 2652 PL.
196 2618 215 2652 76
227 2621 270 2650 1202.

122 2665 147 2696 29.
157 2661 185 2693 PL.
194 2661 214 2694 76
223 2663 313 2694 12504251.
