1633 3045
70 98 93 137 54
269 95 299 133 Du
311 95 438 133 Sauouaouuu
450 95 553 131 Homuuu

69 224 138 282 aliquis
147 224 220 273 citetur,
230 221 344 263 LEPICIER
353 235 408 263 suam
416 227 501 263 mentem
505 220 561 262 bisce
570 218 632 262 verbis
642 215 754 261 enuntiant

71 298 154 341 “Utrum
172 297 220 340 sicut
236 294 314 340 cuilibet
331 296 406 339 homini
423 295 503 352 angelus
521 300 584 336 custos
602 289 711 353 deputatur,
729 293 756 335 ita

71 373 129 414 etiam
142 369 229 427 singulus
242 370 260 411 ei
273 368 357 411 daemon
371 370 487 427 assignetur?
500 392 527 398 —
539 370 597 427 Resp,
610 367 714 426 Negative,
728 366 756 408 lo·

71 444 148 503 quendo
161 442 185 485 de
195 442 307 485 huiusmodi
319 443 448 500 assignatione
460 457 484 484 ex
495 449 550 500 parte
560 441 605 492 Dei,
618 441 720 483 autetiam
732 439 757 482 de

70 530 116 559 vera
128 515 253 576 deputatione
265 530 289 558 ex
300 522 355 574 parte
367 514 445 558 diaboli.
457 515 551 557 -Ratio
564 521 592 557 est
603 514 649 572 quia
660 513 704 556 talis
716 527 757 555 sen-

72 590 132 632 tentia
145 590 198 632 omni
211 595 262 631 caret
275 587 404 631 fundamento
417 590 438 631 in
450 589 467 632 S,
482 588 577 646 Scriptura
590 596 609 630 et
622 586 709 631 Patribus
722 601 757 630 nec

72 662 151 705 aliunde
162 668 205 704 orta
218 660 277 704 luisse
288 660 371 712 uidetur,
384 662 421 703 nisi
434 676 457 703 eu
470 658 636 720 superstitionibus
649 659 757 718 gentilium,

72 736 175 795 unicuique
184 734 286 777 hominum
295 733 344 778 duos
351 735 418 792 genios
428 735 584 793 assignantium.'’

111 817 206 867 Tandem,
224 825 289 876 posset
306 817 367 860 obiter
385 816 487 867 observari,
504 824 598 875 quantum
614 817 711 859 curiosum
728 817 758 865 sit,

73 889 126 948 quod
137 890 237 942 sententia,
247 890 301 932 iuxta
310 905 369 949 quam
378 890 482 948 unicuique
491 891 566 932 homini
576 890 665 948 proprius
676 888 759 931 daemon

73 969 197 1022 oppugnator
213 970 232 1006 et
247 969 331 1006 tentator
346 962 476 1021 deputaretur,
491 964 585 1006 maiorem
600 977 640 1006 non
654 961 759 1006 obtinuerit

74 1035 161 1079 favorem
172 1050 238 1079 versus
250 1035 310 1078 medii
321 1037 363 1078 aevi
376 1036 440 1079 finem.
460 1038 537 1080 Notum
549 1044 578 1079 est
590 1038 647 1088 enim,
660 1036 759 1094 quomodo

75 1116 190 1167 exaggerata
200 1110 237 1152 ista
247 1109 348 1152 credulitas
359 1109 384 1152 de
394 1109 511 1164 daemonum
521 1111 607 1152 maximo
618 1110 693 1152 influxu
703 1115 760 1168 super

75 1190 129 1239 gesta
143 1182 239 1225 cotidiana
253 1183 355 1225 hominum
370 1181 433 1226 ferme
447 1183 579 1226 universaliter
595 1190 680 1241 grassata
695 1181 760 1234 luerit,

75 1256 102 1297 ita
117 1263 138 1298 ut
152 1256 218 1298 tritum
233 1254 283 1297 illud
297 1254 378 1298 effatum
393 1255 477 1315 “ubique
492 1256 587 1299 daemon'
604 1271 658 1299 suam
673 1257 760 1299 videatur

75 1327 165 1371 habuisse
180 1326 340 1371 iustificationem.
365 1330 421 1384 Quae
437 1336 502 1372 autem
519 1329 571 1388 apud
588 1329 665 1388 plebem
681 1328 761 1372 firmiter

77 1407 173 1459 acceptata
183 1408 237 1443 erant
247 1400 271 1443 de
281 1402 437 1460 strigimagorum
447 1405 502 1461 quasi
511 1403 609 1445 illimitata
619 1409 714 1461 potestate
724 1416 761 1462 ope

76 1472 194 1515 daemonum
202 1472 266 1515 lutura
274 1474 429 1531 praenuntiandi,
437 1474 532 1517 maleficia
539 1476 571 1517 vel
578 1474 664 1517 venefica
671 1476 703 1516 vel
712 1490 762 1517 ama-

76 1551 126 1592 toria
136 1547 232 1609 patrandi,
244 1547 348 1591 daemones
359 1548 380 1589 in
391 1546 487 1605 quaedam
498 1562 544 1590 vasa
556 1546 689 1599 concludendi,
701 1548 762 1590 omni-

76 1621 145 1665 modos
158 1620 236 1665 morbos
249 1619 329 1663 infinitis
341 1619 503 1663 incantationibus
516 1620 639 1672 immittendi,
653 1635 693 1663 sese
707 1620 763 1662 alios-

77 1711 115 1754 que
127 1697 148 1738 in
160 1695 234 1738 formas
247 1694 319 1737 alienas
331 1695 384 1745 lnircl,
397 1694 455 1752 capri,
469 1694 512 1745 cati,
525 1708 607 1745 muscae,
621 1701 656 1737 etc.
670 1701 763 1737 transnu

77 1768 137 1820 tandi,
154 1769 222 1810 itinera
238 1780 273 1826 per
289 1780 352 1809 aetem
369 1767 493 1824 corporaliter
509 1766 660 1825 brevissimoque
676 1774 764 1826 tempore

77 1839 197 1893 conficiendi,
212 1838 307 1883 excitandi
320 1826 405 1882 tonitrua
419 1855 439 1882 ac
453 1839 553 1898 grandina,
567 1854 636 1899 corpus
649 1843 702 1883 omni
715 1842 763 1883 iniu-

78 1916 117 1958 riae
133 1912 273 1956 invulnerabile
289 1912 389 1965 reddendi,
406 1912 490 1955 iniantes
508 1913 549 1956 sola
565 1912 692 1956 fascinatione
707 1915 764 1956 inter-

78 1986 161 2039 ficiendi,
169 1993 190 2030 ut
198 1993 265 2045 postea
273 1992 399 2045 coquerentur
407 2000 482 2028 necnon
490 1984 641 2037 comederentur,
651 1985 765 2046 infinitaque

79 2060 117 2103 alia
125 2059 228 2102 ridiculosa
237 2058 258 2101 id
266 2073 327 2117 genus
336 2058 515 2110 daemonomaniae,
524 2059 595 2117 pariter
603 2075 614 2102 a
623 2059 711 2118 plurimis
721 2060 764 2103 dae-

78 2131 217 2191 monographis
226 2145 298 2189 magno
309 2138 403 2190 apparatu
414 2130 517 2174 scientifico
529 2129 663 2184 tractabantur,
675 2133 730 2176 sicuti
741 2148 765 2176 ex

78 2205 173 2249 immensa
184 2204 290 2248 litteratura
300 2203 403 2248 medievali
415 2205 536 2263 conspicitur.
548 2200 650 2264 Quidquid
661 2207 732 2249 mirum
744 2221 765 2249 ac

79 2285 155 2337 praeter
164 2291 240 2321 cursum
250 2277 368 2321 ordinarium
378 2292 442 2321 rerum
452 2277 562 2337 apparebat,
574 2280 638 2322 statim
649 2278 727 2322 diabolo
737 2295 764 2323 as-

80 2351 194 2403 cribebatur;
206 2351 251 2401 imo,
263 2357 282 2394 et
292 2352 329 2410 ipsi
340 2351 444 2395 doctissimi
454 2352 490 2394 viri
501 2352 541 2395 sive
552 2353 626 2411 antiqui
637 2354 677 2396 sive
687 2355 765 2397 recenti-

80 2439 123 2468 ores
138 2426 166 2468 uti
181 2424 301 2475 Aristoteles,
317 2423 409 2467 Albertus
425 2427 516 2483 Magnus,
532 2427 620 2483 Rogerus
636 2427 730 2479 Baconus,
747 2434 765 2469 et

80 2499 192 2556 praesertim
204 2495 309 2539 Gerbertus
322 2511 355 2539 seu
367 2497 461 2554 Sylvester
474 2500 526 2557 Papa
538 2500 562 2549 ll,
576 2512 611 2557 pro
624 2500 685 2557 magis
698 2507 717 2542 et
731 2500 765 2545 sub

80 2598 141 2605 ---‹

120 2632 145 2666 47.
155 2632 180 2664 De
190 2628 257 2672 Angelis,
269 2632 283 2663 ll
296 2635 329 2665 175.
