<?xml version="1.0" encoding="UTF-8"?>
<!DOCTYPE html PUBLIC "-//W3C//DTD XHTML 1.0 Transitional//EN"
    "http://www.w3.org/TR/xhtml1/DTD/xhtml1-transitional.dtd">
<html xmlns="http://www.w3.org/1999/xhtml" xml:lang="en" lang="en">
 <head>
  <title>
</title>
<meta http-equiv="Content-Type" content="text/html;charset=utf-8" />
  <meta name='ocr-system' content='tesseract 3.04.00' />
  <meta name='ocr-capabilities' content='ocr_page ocr_carea ocr_par ocr_line ocrx_word'/>
</head>
<body>
  <div class='ocr_page' id='page_1' title='image "MN41545ucmf_5_0038.png"; bbox 0 0 1633 3045; ppageno 0'>
   <div class='ocr_carea' id='block_1_1' title="bbox 78 76 563 118">
    <p class='ocr_par' dir='ltr' id='par_1_1' title="bbox 78 76 563 118">
     <span class='ocr_line' id='line_1_1' title="bbox 78 76 563 118; baseline -0.01 0"><span class='ocrx_word' id='word_1_1' title='bbox 78 87 88 118; x_wconf 85' lang='lat'>2</span> <span class='ocrx_word' id='word_1_2' title='bbox 277 79 308 115; x_wconf 79' lang='lat' dir='ltr'><strong>Da</strong></span> <span class='ocrx_word' id='word_1_3' title='bbox 319 79 448 115; x_wconf 80' lang='lat' dir='ltr'><strong>Srrssuuoxuut</strong></span> <span class='ocrx_word' id='word_1_4' title='bbox 460 76 563 114; x_wconf 77' lang='lat' dir='ltr'><strong>Hominum</strong></span> 
     </span>
    </p>
   </div>
   <div class='ocr_carea' id='block_1_2' title="bbox 78 201 774 1508">
    <p class='ocr_par' dir='ltr' id='par_1_2' title="bbox 78 201 766 486">
     <span class='ocr_line' id='line_1_2' title="bbox 78 201 765 265; baseline -0.013 -13"><span class='ocrx_word' id='word_1_5' title='bbox 78 205 124 252; x_wconf 61' lang='lat' dir='ltr'><strong>tart</strong></span> <span class='ocrx_word' id='word_1_6' title='bbox 141 206 174 251; x_wconf 94' lang='lat' dir='ltr'><strong>llli</strong></span> <span class='ocrx_word' id='word_1_7' title='bbox 184 220 237 258; x_wconf 85' lang='lat' dir='ltr'><strong>vero,</strong></span> <span class='ocrx_word' id='word_1_8' title='bbox 249 205 318 265; x_wconf 90' lang='lat' dir='ltr'><strong>quibus</strong></span> <span class='ocrx_word' id='word_1_9' title='bbox 330 205 425 248; x_wconf 89' lang='lat' dir='ltr'><strong>sententia</strong></span> <span class='ocrx_word' id='word_1_10' title='bbox 436 202 461 247; x_wconf 88' lang='lat' dir='ltr'><strong>de</strong></span> <span class='ocrx_word' id='word_1_11' title='bbox 472 202 552 262; x_wconf 90' lang='lat' dir='ltr'><strong>proprio</strong></span> <span class='ocrx_word' id='word_1_12' title='bbox 564 201 659 246; x_wconf 89' lang='lat' dir='ltr'><strong>daemone</strong></span> <span class='ocrx_word' id='word_1_13' title='bbox 670 207 765 245; x_wconf 81' lang='lat' dir='ltr'><strong>tentatore</strong></span> 
     </span>
     <span class='ocr_line' id='line_1_3' title="bbox 79 275 766 338; baseline -0.01 -15"><span class='ocrx_word' id='word_1_14' title='bbox 79 281 147 332; x_wconf 86' lang='lat' dir='ltr'><strong>arrisit,</strong></span> <span class='ocrx_word' id='word_1_15' title='bbox 164 286 186 322; x_wconf 90' lang='lat' dir='ltr'><strong>ut</strong></span> <span class='ocrx_word' id='word_1_16' title='bbox 202 292 237 338; x_wconf 87' lang='lat' dir='ltr'><strong>par</strong></span> <span class='ocrx_word' id='word_1_17' title='bbox 253 285 288 330; x_wconf 86' lang='lat' dir='ltr'><strong>est,</strong></span> <span class='ocrx_word' id='word_1_18' title='bbox 305 276 430 320; x_wconf 86' lang='lat' dir='ltr'><strong>traditionem</strong></span> <span class='ocrx_word' id='word_1_19' title='bbox 446 276 541 320; x_wconf 84' lang='lat' dir='ltr'><strong>Ecclesiae</strong></span> <span class='ocrx_word' id='word_1_20' title='bbox 557 275 643 318; x_wconf 87' lang='lat' dir='ltr'><strong>maxima</strong></span> <span class='ocrx_word' id='word_1_21' title='bbox 660 288 704 318; x_wconf 88' lang='lat' dir='ltr'><strong>curn</strong></span> <span class='ocrx_word' id='word_1_22' title='bbox 720 286 766 332; x_wconf 86' lang='lat' dir='ltr'><strong>cura</strong></span> 
     </span>
     <span class='ocr_line' id='line_1_4' title="bbox 78 345 766 412; baseline -0.01 -16"><span class='ocrx_word' id='word_1_23' title='bbox 78 353 206 412; x_wconf 80' lang='lat' dir='ltr'><strong>pectinatum,</strong></span> <span class='ocrx_word' id='word_1_24' title='bbox 223 358 245 394; x_wconf 89' lang='lat' dir='ltr'><strong>ut</strong></span> <span class='ocrx_word' id='word_1_25' title='bbox 262 349 419 402; x_wconf 80' lang='lat' dir='ltr'><strong>tundamentum,</strong></span> <span class='ocrx_word' id='word_1_26' title='bbox 437 354 532 409; x_wconf 87' lang='lat' dir='ltr'><strong>quantum</strong></span> <span class='ocrx_word' id='word_1_27' title='bbox 550 346 647 408; x_wconf 86' lang='lat' dir='ltr'><strong>possibile,</strong></span> <span class='ocrx_word' id='word_1_28' title='bbox 666 345 692 391; x_wconf 86' lang='lat' dir='ltr'><strong>ad</strong></span> <span class='ocrx_word' id='word_1_29' title='bbox 709 346 766 389; x_wconf 90' lang='lat' dir='ltr'><strong>istam</strong></span> 
     </span>
     <span class='ocr_line' id='line_1_5' title="bbox 80 423 492 486; baseline -0.007 -17"><span class='ocrx_word' id='word_1_30' title='bbox 80 426 193 486; x_wconf 83' lang='lat' dir='ltr'><strong>opinionem</strong></span> <span class='ocrx_word' id='word_1_31' title='bbox 206 423 341 484; x_wconf 88' lang='lat' dir='ltr'><strong>opitulandam</strong></span> <span class='ocrx_word' id='word_1_32' title='bbox 355 431 464 467; x_wconf 88' lang='lat' dir='ltr'><strong>construere</strong></span> <span class='ocrx_word' id='word_1_33' title='bbox 478 431 492 466; x_wconf 90' lang='lat' dir='ltr'><strong>t.</strong></span> 
     </span>
    </p>

    <p class='ocr_par' dir='ltr' id='par_1_3' title="bbox 80 493 774 1508">
     <span class='ocr_line' id='line_1_6' title="bbox 119 493 767 558; baseline -0.008 -17"><span class='ocrx_word' id='word_1_34' title='bbox 119 500 175 558; x_wconf 92' lang='lat' dir='ltr'><strong>Opus</strong></span> <span class='ocrx_word' id='word_1_35' title='bbox 188 498 246 556; x_wconf 82' lang='lat' dir='ltr'><strong>igitur</strong></span> <span class='ocrx_word' id='word_1_36' title='bbox 259 504 287 540; x_wconf 85' lang='lat' dir='ltr'><strong>cst</strong></span> <span class='ocrx_word' id='word_1_37' title='bbox 300 496 368 540; x_wconf 90' lang='lat' dir='ltr'><strong>sedulo</strong></span> <span class='ocrx_word' id='word_1_38' title='bbox 381 495 497 556; x_wconf 88' lang='lat' dir='ltr'><strong>inquirendi,</strong></span> <span class='ocrx_word' id='word_1_39' title='bbox 510 494 605 555; x_wconf 79' lang='lat' dir='ltr'><strong>quidnam</strong></span> <span class='ocrx_word' id='word_1_40' title='bbox 618 493 683 538; x_wconf 81' lang='lat' dir='ltr'><strong>fontes</strong></span> <span class='ocrx_word' id='word_1_41' title='bbox 696 493 767 537; x_wconf 76' lang='lat' dir='ltr'><strong>revela</strong></span> 
     </span>
     <span class='ocr_line' id='line_1_7' title="bbox 80 566 768 629; baseline -0.007 -15"><span class='ocrx_word' id='word_1_42' title='bbox 80 572 138 614; x_wconf 89' lang='lat' dir='ltr'><strong>tionis</strong></span> <span class='ocrx_word' id='word_1_43' title='bbox 151 569 175 614; x_wconf 93' lang='lat' dir='ltr'><strong>de</strong></span> <span class='ocrx_word' id='word_1_44' title='bbox 187 571 224 612; x_wconf 89' lang='lat' dir='ltr'><strong>hac</strong></span> <span class='ocrx_word' id='word_1_45' title='bbox 236 585 257 612; x_wconf 90' lang='lat' dir='ltr'><strong>re</strong></span> <span class='ocrx_word' id='word_1_46' title='bbox 269 570 386 622; x_wconf 77' lang='lat' dir='ltr'><strong>contineant,</strong></span> <span class='ocrx_word' id='word_1_47' title='bbox 399 577 419 613; x_wconf 90' lang='lat' dir='ltr'><strong>et</strong></span> <span class='ocrx_word' id='word_1_48' title='bbox 431 569 497 629; x_wconf 86' lang='lat' dir='ltr'><strong>qualia</strong></span> <span class='ocrx_word' id='word_1_49' title='bbox 511 569 548 612; x_wconf 92' lang='lat' dir='ltr'><strong>sint</strong></span> <span class='ocrx_word' id='word_1_50' title='bbox 562 574 676 627; x_wconf 85' lang='lat' dir='ltr'><strong>argumenta</strong></span> <span class='ocrx_word' id='word_1_51' title='bbox 688 566 768 611; x_wconf 89' lang='lat' dir='ltr'><strong>rationis</strong></span> 
     </span>
     <span class='ocr_line' id='line_1_8' title="bbox 81 641 768 704; baseline -0.003 -18"><span class='ocrx_word' id='word_1_52' title='bbox 81 658 116 704; x_wconf 91' lang='lat' dir='ltr'><strong>pro</strong></span> <span class='ocrx_word' id='word_1_53' title='bbox 127 651 146 688; x_wconf 92' lang='lat' dir='ltr'><strong>et</strong></span> <span class='ocrx_word' id='word_1_54' title='bbox 156 651 228 688; x_wconf 88' lang='lat' dir='ltr'><strong>contra.</strong></span> <span class='ocrx_word' id='word_1_55' title='bbox 240 645 319 703; x_wconf 88' lang='lat' dir='ltr'><strong>Propter</strong></span> <span class='ocrx_word' id='word_1_56' title='bbox 330 644 436 687; x_wconf 86' lang='lat' dir='ltr'><strong>sententiae</strong></span> <span class='ocrx_word' id='word_1_57' title='bbox 446 641 673 694; x_wconf 79' lang='lat' dir='ltr'><strong>affirmativaelautores,</strong></span> <span class='ocrx_word' id='word_1_58' title='bbox 683 641 768 702; x_wconf 87' lang='lat' dir='ltr'><strong>primurn</strong></span> 
     </span>
     <span class='ocr_line' id='line_1_9' title="bbox 81 713 769 775; baseline -0.007 -14"><span class='ocrx_word' id='word_1_59' title='bbox 81 719 117 761; x_wconf 90' lang='lat' dir='ltr'><strong>erit</strong></span> <span class='ocrx_word' id='word_1_60' title='bbox 126 715 260 761; x_wconf 88' lang='lat' dir='ltr'><strong>sciscitandum</strong></span> <span class='ocrx_word' id='word_1_61' title='bbox 270 716 294 760; x_wconf 89' lang='lat' dir='ltr'><strong>de</strong></span> <span class='ocrx_word' id='word_1_62' title='bbox 303 716 419 775; x_wconf 90' lang='lat' dir='ltr'><strong>quibusdam</strong></span> <span class='ocrx_word' id='word_1_63' title='bbox 428 719 496 760; x_wconf 82' lang='lat' dir='ltr'><strong>Sacrae</strong></span> <span class='ocrx_word' id='word_1_64' title='bbox 504 717 612 775; x_wconf 72' lang='lat' dir='ltr'><strong>Scripturas</strong></span> <span class='ocrx_word' id='word_1_65' title='bbox 617 713 710 767; x_wconf 81' lang='lat' dir='ltr'><strong>textibus,</strong></span> <span class='ocrx_word' id='word_1_66' title='bbox 720 728 769 774; x_wconf 90' lang='lat' dir='ltr'><strong>quos</strong></span> 
     </span>
     <span class='ocr_line' id='line_1_10' title="bbox 82 777 769 849; baseline -0.003 -17"><span class='ocrx_word' id='word_1_67' title='bbox 82 790 119 849; x_wconf 89' lang='lat' dir='ltr'><strong>ipsi</strong></span> <span class='ocrx_word' id='word_1_68' title='bbox 132 791 153 832; x_wconf 92' lang='lat' dir='ltr'><strong>in</strong></span> <span class='ocrx_word' id='word_1_69' title='bbox 166 788 283 832; x_wconf 86' lang='lat' dir='ltr'><strong>adiutorium</strong></span> <span class='ocrx_word' id='word_1_70' title='bbox 297 791 393 832; x_wconf 84' lang='lat' dir='ltr'><strong>invocant.</strong></span> <span class='ocrx_word' id='word_1_71' title='bbox 412 791 441 833; x_wconf 90' lang='lat' dir='ltr'><strong>Ut</strong></span> <span class='ocrx_word' id='word_1_72' title='bbox 454 788 535 833; x_wconf 86' lang='lat' dir='ltr'><strong>subinde</strong></span> <span class='ocrx_word' id='word_1_73' title='bbox 549 787 655 849; x_wconf 79' lang='lat' dir='ltr'><strong>apparebit,</strong></span> <span class='ocrx_word' id='word_1_74' title='bbox 669 777 769 849; x_wconf 81' lang='lat' dir='ltr'><strong>suppetiae</strong></span> 
     </span>
     <span class='ocr_line' id='line_1_11' title="bbox 83 862 770 922; baseline -0.001 -17"><span class='ocrx_word' id='word_1_75' title='bbox 83 877 118 922; x_wconf 90' lang='lat' dir='ltr'><strong>pro</strong></span> <span class='ocrx_word' id='word_1_76' title='bbox 133 862 226 922; x_wconf 86' lang='lat' dir='ltr'><strong>opinione</strong></span> <span class='ocrx_word' id='word_1_77' title='bbox 241 862 355 906; x_wconf 87' lang='lat' dir='ltr'><strong>affirmativa</strong></span> <span class='ocrx_word' id='word_1_78' title='bbox 369 864 447 906; x_wconf 88' lang='lat' dir='ltr'><strong>nonnisi</strong></span> <span class='ocrx_word' id='word_1_79' title='bbox 462 879 486 907; x_wconf 89' lang='lat' dir='ltr'><strong>ex</strong></span> <span class='ocrx_word' id='word_1_80' title='bbox 500 862 603 907; x_wconf 78' lang='lat' dir='ltr'><strong>traditione</strong></span> <span class='ocrx_word' id='word_1_81' title='bbox 618 863 658 906; x_wconf 87' lang='lat' dir='ltr'><strong>sive</strong></span> <span class='ocrx_word' id='word_1_82' title='bbox 672 862 770 921; x_wconf 87' lang='lat' dir='ltr'><strong>patristica</strong></span> 
     </span>
     <span class='ocr_line' id='line_1_12' title="bbox 84 935 770 996; baseline -0.001 -17"><span class='ocrx_word' id='word_1_83' title='bbox 84 937 123 980; x_wconf 86' lang='lat' dir='ltr'><strong>sive</strong></span> <span class='ocrx_word' id='word_1_84' title='bbox 136 935 245 994; x_wconf 88' lang='lat' dir='ltr'><strong>theologica</strong></span> <span class='ocrx_word' id='word_1_85' title='bbox 258 937 325 995; x_wconf 87' lang='lat' dir='ltr'><strong>quaeri</strong></span> <span class='ocrx_word' id='word_1_86' title='bbox 337 944 424 995; x_wconf 84' lang='lat' dir='ltr'><strong>possunt,</strong></span> <span class='ocrx_word' id='word_1_87' title='bbox 438 936 522 996; x_wconf 88' lang='lat' dir='ltr'><strong>ideoque</strong></span> <span class='ocrx_word' id='word_1_88' title='bbox 533 950 611 979; x_wconf 87' lang='lat' dir='ltr'><strong>necesse</strong></span> <span class='ocrx_word' id='word_1_89' title='bbox 623 943 652 979; x_wconf 87' lang='lat' dir='ltr'><strong>est</strong></span> <span class='ocrx_word' id='word_1_90' title='bbox 665 936 770 979; x_wconf 84' lang='lat' dir='ltr'><strong>accuratius</strong></span> 
     </span>
     <span class='ocr_line' id='line_1_13' title="bbox 84 1009 771 1069; baseline 0.001 -18"><span class='ocrx_word' id='word_1_91' title='bbox 84 1010 217 1053; x_wconf 80' lang='lat' dir='ltr'><strong>examinentur</strong></span> <span class='ocrx_word' id='word_1_92' title='bbox 226 1010 341 1061; x_wconf 88' lang='lat' dir='ltr'><strong>testimonia,</strong></span> <span class='ocrx_word' id='word_1_93' title='bbox 351 1025 401 1069; x_wconf 88' lang='lat' dir='ltr'><strong>quae</strong></span> <span class='ocrx_word' id='word_1_94' title='bbox 409 1010 446 1054; x_wconf 90' lang='lat' dir='ltr'><strong>huc</strong></span> <span class='ocrx_word' id='word_1_95' title='bbox 454 1009 527 1053; x_wconf 77' lang='lat' dir='ltr'><strong>referre</strong></span> <span class='ocrx_word' id='word_1_96' title='bbox 535 1016 622 1069; x_wconf 88' lang='lat' dir='ltr'><strong>possunt.</strong></span> <span class='ocrx_word' id='word_1_97' title='bbox 631 1011 654 1052; x_wconf 94' lang='lat' dir='ltr'><strong>ln</strong></span> <span class='ocrx_word' id='word_1_98' title='bbox 660 1011 697 1052; x_wconf 87' lang='lat' dir='ltr'><strong>hac</strong></span> <span class='ocrx_word' id='word_1_99' title='bbox 706 1016 771 1053; x_wconf 89' lang='lat' dir='ltr'><strong>autem</strong></span> 
     </span>
     <span class='ocr_line' id='line_1_14' title="bbox 84 1080 771 1141; baseline 0.001 -17"><span class='ocrx_word' id='word_1_100' title='bbox 84 1082 227 1125; x_wconf 86' lang='lat' dir='ltr'><strong>examinatione</strong></span> <span class='ocrx_word' id='word_1_101' title='bbox 239 1081 327 1125; x_wconf 84' lang='lat' dir='ltr'><strong>iacienda</strong></span> <span class='ocrx_word' id='word_1_102' title='bbox 339 1089 477 1141; x_wconf 85' lang='lat' dir='ltr'><strong>opportunum,</strong></span> <span class='ocrx_word' id='word_1_103' title='bbox 490 1084 536 1135; x_wconf 86' lang='lat' dir='ltr'><strong>imo,</strong></span> <span class='ocrx_word' id='word_1_104' title='bbox 549 1089 568 1126; x_wconf 89' lang='lat' dir='ltr'><strong>et</strong></span> <span class='ocrx_word' id='word_1_105' title='bbox 580 1082 708 1126; x_wconf 88' lang='lat' dir='ltr'><strong>necessarium</strong></span> <span class='ocrx_word' id='word_1_106' title='bbox 719 1080 771 1125; x_wconf 86' lang='lat' dir='ltr'><strong>vide·</strong></span> 
     </span>
     <span class='ocr_line' id='line_1_15' title="bbox 85 1153 771 1216; baseline 0.003 -19"><span class='ocrx_word' id='word_1_107' title='bbox 85 1161 115 1197; x_wconf 93' lang='lat' dir='ltr'><strong>tur</strong></span> <span class='ocrx_word' id='word_1_108' title='bbox 125 1153 200 1214; x_wconf 85' lang='lat' dir='ltr'><strong>aliquot</strong></span> <span class='ocrx_word' id='word_1_109' title='bbox 209 1161 272 1198; x_wconf 87' lang='lat' dir='ltr'><strong>textus</strong></span> <span class='ocrx_word' id='word_1_110' title='bbox 282 1171 306 1198; x_wconf 89' lang='lat' dir='ltr'><strong>ex</strong></span> <span class='ocrx_word' id='word_1_111' title='bbox 315 1156 391 1214; x_wconf 82' lang='lat' dir='ltr'><strong>integro</strong></span> <span class='ocrx_word' id='word_1_112' title='bbox 401 1164 505 1216; x_wconf 86' lang='lat' dir='ltr'><strong>reportare,</strong></span> <span class='ocrx_word' id='word_1_113' title='bbox 512 1154 539 1200; x_wconf 68' lang='lat' dir='ltr'><strong>&#39;eo</strong></span> <span class='ocrx_word' id='word_1_114' title='bbox 549 1156 595 1216; x_wconf 91' lang='lat' dir='ltr'><strong>quia</strong></span> <span class='ocrx_word' id='word_1_115' title='bbox 605 1154 721 1216; x_wconf 82' lang='lat' dir='ltr'><strong>quibusdam</strong></span> <span class='ocrx_word' id='word_1_116' title='bbox 731 1155 771 1216; x_wconf 92' lang='lat' dir='ltr'><strong>pla-</strong></span> 
     </span>
     <span class='ocr_line' id='line_1_16' title="bbox 85 1226 772 1288; baseline 0.001 -18"><span class='ocrx_word' id='word_1_117' title='bbox 85 1234 115 1270; x_wconf 89' lang='lat' dir='ltr'><strong>cet</strong></span> <span class='ocrx_word' id='word_1_118' title='bbox 123 1228 186 1286; x_wconf 83' lang='lat' dir='ltr'><strong>magis</strong></span> <span class='ocrx_word' id='word_1_119' title='bbox 195 1226 265 1271; x_wconf 81' lang='lat' dir='ltr'><strong>exinde</strong></span> <span class='ocrx_word' id='word_1_120' title='bbox 274 1230 386 1288; x_wconf 88' lang='lat' dir='ltr'><strong>exprimere,</strong></span> <span class='ocrx_word' id='word_1_121' title='bbox 395 1244 455 1288; x_wconf 89' lang='lat' dir='ltr'><strong>quam</strong></span> <span class='ocrx_word' id='word_1_122' title='bbox 464 1230 484 1272; x_wconf 94' lang='lat' dir='ltr'><strong>in</strong></span> <span class='ocrx_word' id='word_1_123' title='bbox 493 1237 547 1273; x_wconf 89' lang='lat' dir='ltr'><strong>textu</strong></span> <span class='ocrx_word' id='word_1_124' title='bbox 556 1243 622 1272; x_wconf 87' lang='lat' dir='ltr'><strong>revera</strong></span> <span class='ocrx_word' id='word_1_125' title='bbox 631 1231 686 1280; x_wconf 86' lang='lat' dir='ltr'><strong>inest,</strong></span> <span class='ocrx_word' id='word_1_126' title='bbox 697 1243 772 1272; x_wconf 90' lang='lat' dir='ltr'><strong>necnon</strong></span> 
     </span>
     <span class='ocr_line' id='line_1_17' title="bbox 86 1300 772 1359; baseline 0.006 -17"><span class='ocrx_word' id='word_1_127' title='bbox 86 1300 131 1359; x_wconf 88' lang='lat' dir='ltr'><strong>quia</strong></span> <span class='ocrx_word' id='word_1_128' title='bbox 142 1300 254 1344; x_wconf 89' lang='lat' dir='ltr'><strong>huiusmodi</strong></span> <span class='ocrx_word' id='word_1_129' title='bbox 264 1308 328 1345; x_wconf 90' lang='lat' dir='ltr'><strong>textus</strong></span> <span class='ocrx_word' id='word_1_130' title='bbox 340 1300 402 1346; x_wconf 86' lang='lat' dir='ltr'><strong>adhuc</strong></span> <span class='ocrx_word' id='word_1_131' title='bbox 413 1317 454 1346; x_wconf 91' lang='lat' dir='ltr'><strong>non</strong></span> <span class='ocrx_word' id='word_1_132' title='bbox 465 1310 509 1346; x_wconf 90' lang='lat' dir='ltr'><strong>sunt</strong></span> <span class='ocrx_word' id='word_1_133' title='bbox 520 1304 540 1345; x_wconf 91' lang='lat' dir='ltr'><strong>in</strong></span> <span class='ocrx_word' id='word_1_134' title='bbox 551 1317 612 1346; x_wconf 88' lang='lat' dir='ltr'><strong>unum</strong></span> <span class='ocrx_word' id='word_1_135' title='bbox 624 1303 706 1346; x_wconf 82' lang='lat' dir='ltr'><strong>collecti.</strong></span> <span class='ocrx_word' id='word_1_136' title='bbox 718 1304 772 1346; x_wconf 91' lang='lat' dir='ltr'><strong>Prae·</strong></span> 
     </span>
     <span class='ocr_line' id='line_1_18' title="bbox 86 1374 773 1435; baseline -0.001 -15"><span class='ocrx_word' id='word_1_137' title='bbox 86 1384 144 1428; x_wconf 90' lang='lat' dir='ltr'><strong>terea,</strong></span> <span class='ocrx_word' id='word_1_138' title='bbox 158 1391 183 1419; x_wconf 89' lang='lat' dir='ltr'><strong>ne</strong></span> <span class='ocrx_word' id='word_1_139' title='bbox 196 1390 220 1418; x_wconf 90' lang='lat' dir='ltr'><strong>ex</strong></span> <span class='ocrx_word' id='word_1_140' title='bbox 233 1375 313 1419; x_wconf 89' lang='lat' dir='ltr'><strong>elencho</strong></span> <span class='ocrx_word' id='word_1_141' title='bbox 328 1374 422 1419; x_wconf 88' lang='lat' dir='ltr'><strong>eiusmodi</strong></span> <span class='ocrx_word' id='word_1_142' title='bbox 436 1377 590 1419; x_wconf 91' lang='lat' dir='ltr'><strong>testimoniorum</strong></span> <span class='ocrx_word' id='word_1_143' title='bbox 604 1375 693 1419; x_wconf 81' lang='lat' dir='ltr'><strong>contusio</strong></span> <span class='ocrx_word' id='word_1_144' title='bbox 708 1376 773 1435; x_wconf 86' lang='lat' dir='ltr'><strong>aliqua</strong></span> 
     </span>
     <span class='ocr_line' id='line_1_19' title="bbox 86 1447 774 1508; baseline 0.003 -17"><span class='ocrx_word' id='word_1_145' title='bbox 86 1450 183 1508; x_wconf 82' lang='lat' dir='ltr'><strong>gignatur,</strong></span> <span class='ocrx_word' id='word_1_146' title='bbox 196 1448 301 1492; x_wconf 88' lang='lat' dir='ltr'><strong>consultius</strong></span> <span class='ocrx_word' id='word_1_147' title='bbox 313 1449 349 1492; x_wconf 89' lang='lat' dir='ltr'><strong>erit</strong></span> <span class='ocrx_word' id='word_1_148' title='bbox 361 1449 425 1492; x_wconf 83' lang='lat' dir='ltr'><strong>statim</strong></span> <span class='ocrx_word' id='word_1_149' title='bbox 437 1447 524 1494; x_wconf 74' lang='lat' dir='ltr'><strong>fontibus</strong></span> <span class='ocrx_word' id='word_1_150' title='bbox 536 1450 598 1493; x_wconf 87' lang='lat' dir='ltr'><strong>citatis</strong></span> <span class='ocrx_word' id='word_1_151' title='bbox 608 1449 680 1493; x_wconf 83' lang='lat' dir='ltr'><strong>valoris</strong></span> <span class='ocrx_word' id='word_1_152' title='bbox 692 1464 774 1493; x_wconf 84' lang='lat' dir='ltr'><strong>examen</strong></span> 
     </span>
    </p>
   </div>
   <div class='ocr_carea' id='block_1_3' title="bbox 87 1521 776 1877">
    <p class='ocr_par' dir='ltr' id='par_1_4' title="bbox 87 1521 776 1877">
     <span class='ocr_line' id='line_1_20' title="bbox 88 1521 774 1584; baseline 0.001 -18"><span class='ocrx_word' id='word_1_153' title='bbox 88 1529 107 1566; x_wconf 91' lang='lat' dir='ltr'><strong>et</strong></span> <span class='ocrx_word' id='word_1_154' title='bbox 116 1523 173 1566; x_wconf 90' lang='lat' dir='ltr'><strong>crisin</strong></span> <span class='ocrx_word' id='word_1_155' title='bbox 185 1521 305 1581; x_wconf 82' lang='lat' dir='ltr'><strong>subiungere.</strong></span> <span class='ocrx_word' id='word_1_156' title='bbox 323 1523 351 1566; x_wconf 90' lang='lat' dir='ltr'><strong>Ex</strong></span> <span class='ocrx_word' id='word_1_157' title='bbox 361 1521 465 1567; x_wconf 90' lang='lat' dir='ltr'><strong>traditione</strong></span> <span class='ocrx_word' id='word_1_158' title='bbox 475 1538 521 1567; x_wconf 89' lang='lat' dir='ltr'><strong>vero</strong></span> <span class='ocrx_word' id='word_1_159' title='bbox 532 1524 630 1583; x_wconf 88' lang='lat' dir='ltr'><strong>patristica</strong></span> <span class='ocrx_word' id='word_1_160' title='bbox 641 1537 716 1582; x_wconf 87' lang='lat' dir='ltr'><strong>gressus</strong></span> <span class='ocrx_word' id='word_1_161' title='bbox 727 1538 774 1584; x_wconf 90' lang='lat' dir='ltr'><strong>pon·</strong></span> 
     </span>
     <span class='ocr_line' id='line_1_21' title="bbox 87 1594 775 1657; baseline 0.003 -19"><span class='ocrx_word' id='word_1_162' title='bbox 87 1595 132 1639; x_wconf 84' lang='lat' dir='ltr'><strong>dere</strong></span> <span class='ocrx_word' id='word_1_163' title='bbox 139 1595 222 1639; x_wconf 88' lang='lat' dir='ltr'><strong>naturali</strong></span> <span class='ocrx_word' id='word_1_164' title='bbox 229 1594 252 1639; x_wconf 86' lang='lat' dir='ltr'><strong>fit</strong></span> <span class='ocrx_word' id='word_1_165' title='bbox 259 1595 284 1639; x_wconf 92' lang='lat' dir='ltr'><strong>ad</strong></span> <span class='ocrx_word' id='word_1_166' title='bbox 291 1597 417 1655; x_wconf 85' lang='lat' dir='ltr'><strong>posteriorem</strong></span> <span class='ocrx_word' id='word_1_167' title='bbox 424 1597 481 1640; x_wconf 90' lang='lat' dir='ltr'><strong>huius</strong></span> <span class='ocrx_word' id='word_1_168' title='bbox 488 1597 606 1657; x_wconf 88' lang='lat' dir='ltr'><strong>quaestionis</strong></span> <span class='ocrx_word' id='word_1_169' title='bbox 613 1595 665 1656; x_wconf 86' lang='lat' dir='ltr'><strong>apud</strong></span> <span class='ocrx_word' id='word_1_170' title='bbox 672 1597 775 1656; x_wconf 88' lang='lat' dir='ltr'><strong>theologos</strong></span> 
     </span>
     <span class='ocr_line' id='line_1_22' title="bbox 88 1669 775 1729; baseline 0.001 -16"><span class='ocrx_word' id='word_1_171' title='bbox 88 1669 225 1720; x_wconf 83' lang='lat' dir='ltr'><strong>evolutionem,</strong></span> <span class='ocrx_word' id='word_1_172' title='bbox 236 1684 286 1729; x_wconf 90' lang='lat' dir='ltr'><strong>quae</strong></span> <span class='ocrx_word' id='word_1_173' title='bbox 295 1669 356 1713; x_wconf 81' lang='lat' dir='ltr'><strong>terme</strong></span> <span class='ocrx_word' id='word_1_174' title='bbox 366 1669 422 1713; x_wconf 86' lang='lat' dir='ltr'><strong>unice</strong></span> <span class='ocrx_word' id='word_1_175' title='bbox 431 1672 451 1713; x_wconf 91' lang='lat' dir='ltr'><strong>in</strong></span> <span class='ocrx_word' id='word_1_176' title='bbox 461 1671 543 1729; x_wconf 87' lang='lat' dir='ltr'><strong>repetita</strong></span> <span class='ocrx_word' id='word_1_177' title='bbox 553 1670 642 1729; x_wconf 85' lang='lat' dir='ltr'><strong>congerie</strong></span> <span class='ocrx_word' id='word_1_178' title='bbox 651 1671 722 1714; x_wconf 86' lang='lat' dir='ltr'><strong>horum</strong></span> <span class='ocrx_word' id='word_1_179' title='bbox 732 1671 775 1714; x_wconf 91' lang='lat' dir='ltr'><strong>illo·</strong></span> 
     </span>
     <span class='ocr_line' id='line_1_23' title="bbox 89 1742 776 1801; baseline 0.007 -17"><span class='ocrx_word' id='word_1_180' title='bbox 89 1757 156 1785; x_wconf 88' lang='lat' dir='ltr'><strong>rumve</strong></span> <span class='ocrx_word' id='word_1_181' title='bbox 173 1742 286 1801; x_wconf 87' lang='lat' dir='ltr'><strong>scriptorum</strong></span> <span class='ocrx_word' id='word_1_182' title='bbox 304 1742 474 1787; x_wconf 86' lang='lat' dir='ltr'><strong>ecclesiasticorum</strong></span> <span class='ocrx_word' id='word_1_183' title='bbox 490 1742 586 1788; x_wconf 88' lang='lat' dir='ltr'><strong>dictorum</strong></span> <span class='ocrx_word' id='word_1_184' title='bbox 602 1744 694 1788; x_wconf 90' lang='lat' dir='ltr'><strong>consistit.</strong></span> <span class='ocrx_word' id='word_1_185' title='bbox 718 1746 776 1789; x_wconf 90' lang='lat' dir='ltr'><strong>Hanc</strong></span> 
     </span>
     <span class='ocr_line' id='line_1_24' title="bbox 89 1816 775 1877; baseline 0.006 -19"><span class='ocrx_word' id='word_1_186' title='bbox 89 1822 168 1875; x_wconf 87' lang='lat' dir='ltr'><strong>propter</strong></span> <span class='ocrx_word' id='word_1_187' title='bbox 177 1816 277 1867; x_wconf 87' lang='lat' dir='ltr'><strong>rationem,</strong></span> <span class='ocrx_word' id='word_1_188' title='bbox 287 1823 309 1859; x_wconf 91' lang='lat' dir='ltr'><strong>ut</strong></span> <span class='ocrx_word' id='word_1_189' title='bbox 318 1816 397 1874; x_wconf 86' lang='lat' dir='ltr'><strong>patebit,</strong></span> <span class='ocrx_word' id='word_1_190' title='bbox 408 1818 462 1876; x_wconf 86' lang='lat' dir='ltr'><strong>quasi</strong></span> <span class='ocrx_word' id='word_1_191' title='bbox 472 1824 513 1860; x_wconf 87' lang='lat' dir='ltr'><strong>tota</strong></span> <span class='ocrx_word' id='word_1_192' title='bbox 522 1818 551 1860; x_wconf 87' lang='lat' dir='ltr'><strong>vis</strong></span> <span class='ocrx_word' id='word_1_193' title='bbox 561 1817 660 1877; x_wconf 88' lang='lat' dir='ltr'><strong>utriusque</strong></span> <span class='ocrx_word' id='word_1_194' title='bbox 670 1819 775 1863; x_wconf 88' lang='lat' dir='ltr'><strong>sententiae</strong></span> 
     </span>
    </p>
   </div>
   <div class='ocr_carea' id='block_1_4' title="bbox 90 1936 779 2658">
    <p class='ocr_par' dir='ltr' id='par_1_5' title="bbox 90 1936 779 2658">
     <span class='ocr_line' id='line_1_25' title="bbox 130 1936 776 1982; baseline 0 -8"><span class='ocrx_word' id='word_1_195' title='bbox 130 1943 144 1974; x_wconf 77' lang='lat' dir='ltr'><strong>t.</strong></span> <span class='ocrx_word' id='word_1_196' title='bbox 155 1941 260 1974; x_wconf 81' lang='lat' dir='ltr'><strong>Curiositatem</strong></span> <span class='ocrx_word' id='word_1_197' title='bbox 278 1939 364 1972; x_wconf 83' lang='lat' dir='ltr'><strong>historicam</strong></span> <span class='ocrx_word' id='word_1_198' title='bbox 383 1936 443 1978; x_wconf 86' lang='lat' dir='ltr'><strong>praebet</strong></span> <span class='ocrx_word' id='word_1_199' title='bbox 461 1936 507 1970; x_wconf 87' lang='lat' dir='ltr'><strong>medii</strong></span> <span class='ocrx_word' id='word_1_200' title='bbox 526 1939 558 1971; x_wconf 77' lang='lat' dir='ltr'><strong>aevi</strong></span> <span class='ocrx_word' id='word_1_201' title='bbox 577 1939 655 1973; x_wconf 81' lang='lat' dir='ltr'><strong>credulitas</strong></span> <span class='ocrx_word' id='word_1_202' title='bbox 669 1940 776 1982; x_wconf 86' lang='lat' dir='ltr'><strong>superstitiosa,</strong></span> 
     </span>
     <span class='ocr_line' id='line_1_26' title="bbox 90 1979 777 2025; baseline -0.003 -8"><span class='ocrx_word' id='word_1_203' title='bbox 90 1984 132 2017; x_wconf 86' lang='lat' dir='ltr'><strong>cuius</strong></span> <span class='ocrx_word' id='word_1_204' title='bbox 143 1984 199 2025; x_wconf 87' lang='lat' dir='ltr'><strong>quippe</strong></span> <span class='ocrx_word' id='word_1_205' title='bbox 209 1981 266 2015; x_wconf 83' lang='lat' dir='ltr'><strong>tructus</strong></span> <span class='ocrx_word' id='word_1_206' title='bbox 276 1980 306 2014; x_wconf 83' lang='lat' dir='ltr'><strong>tuit</strong></span> <span class='ocrx_word' id='word_1_207' title='bbox 316 1979 440 2013; x_wconf 87' lang='lat' dir='ltr'><strong>daemonomania</strong></span> <span class='ocrx_word' id='word_1_208' title='bbox 449 1980 477 2014; x_wconf 88' lang='lat' dir='ltr'><strong>illo</strong></span> <span class='ocrx_word' id='word_1_209' title='bbox 488 1986 554 2021; x_wconf 87' lang='lat' dir='ltr'><strong>tempore</strong></span> <span class='ocrx_word' id='word_1_210' title='bbox 565 1992 610 2022; x_wconf 88' lang='lat' dir='ltr'><strong>quatu</strong></span> <span class='ocrx_word' id='word_1_211' title='bbox 620 1982 685 2016; x_wconf 81' lang='lat' dir='ltr'><strong>maxime</strong></span> <span class='ocrx_word' id='word_1_212' title='bbox 696 1981 777 2024; x_wconf 81' lang='lat' dir='ltr'><strong>divulgata,</strong></span> 
     </span>
     <span class='ocr_line' id='line_1_27' title="bbox 90 2022 777 2068; baseline -0.003 -8"><span class='ocrx_word' id='word_1_213' title='bbox 90 2026 170 2060; x_wconf 82' lang='lat' dir='ltr'><strong>secundum</strong></span> <span class='ocrx_word' id='word_1_214' title='bbox 177 2037 222 2068; x_wconf 84' lang='lat' dir='ltr'><strong>quam</strong></span> <span class='ocrx_word' id='word_1_215' title='bbox 230 2025 254 2057; x_wconf 75' lang='lat' dir='ltr'><strong>ael</strong></span> <span class='ocrx_word' id='word_1_216' title='bbox 261 2024 340 2057; x_wconf 80' lang='lat' dir='ltr'><strong>daemones</strong></span> <span class='ocrx_word' id='word_1_217' title='bbox 348 2022 415 2056; x_wconf 71' lang='lat' dir='ltr'><strong>crurales</strong></span> <span class='ocrx_word' id='word_1_218' title='bbox 423 2023 497 2056; x_wconf 87' lang='lat' dir='ltr'><strong>darentur.</strong></span> <span class='ocrx_word' id='word_1_219' title='bbox 505 2025 527 2056; x_wconf 85' lang='lat' dir='ltr'><strong>lta</strong></span> <span class='ocrx_word' id='word_1_220' title='bbox 534 2025 610 2062; x_wconf 88' lang='lat' dir='ltr'><strong>nimirum,</strong></span> <span class='ocrx_word' id='word_1_221' title='bbox 616 2024 678 2057; x_wconf 81' lang='lat' dir='ltr'><strong>durante</strong></span> <span class='ocrx_word' id='word_1_222' title='bbox 685 2027 777 2058; x_wconf 87' lang='lat' dir='ltr'><strong>caeremonia</strong></span> 
     </span>
     <span class='ocr_line' id='line_1_28' title="bbox 92 2065 778 2109; baseline -0.001 -7"><span class='ocrx_word' id='word_1_223' title='bbox 92 2071 113 2102; x_wconf 85' lang='lat' dir='ltr'><strong>sic</strong></span> <span class='ocrx_word' id='word_1_224' title='bbox 124 2069 160 2101; x_wconf 83' lang='lat' dir='ltr'><strong>dicti</strong></span> <span class='ocrx_word' id='word_1_225' title='bbox 172 2067 205 2100; x_wconf 82' lang='lat' dir='ltr'><strong>ludi</strong></span> <span class='ocrx_word' id='word_1_226' title='bbox 217 2066 264 2099; x_wconf 74' lang='lat' dir='ltr'><strong>honae</strong></span> <span class='ocrx_word' id='word_1_227' title='bbox 275 2065 349 2098; x_wconf 84' lang='lat' dir='ltr'><strong>societatis</strong></span> <span class='ocrx_word' id='word_1_228' title='bbox 361 2075 387 2097; x_wconf 90' lang='lat' dir='ltr'><strong>seu</strong></span> <span class='ocrx_word' id='word_1_229' title='bbox 398 2074 485 2105; x_wconf 85' lang='lat' dir='ltr'><strong>congressus</strong></span> <span class='ocrx_word' id='word_1_230' title='bbox 497 2066 565 2099; x_wconf 85' lang='lat' dir='ltr'><strong>nocturni</strong></span> <span class='ocrx_word' id='word_1_231' title='bbox 578 2065 661 2107; x_wconf 88' lang='lat' dir='ltr'><strong>lamiarum,</strong></span> <span class='ocrx_word' id='word_1_232' title='bbox 673 2076 731 2109; x_wconf 81' lang='lat' dir='ltr'><strong>praeses</strong></span> <span class='ocrx_word' id='word_1_233' title='bbox 744 2076 778 2102; x_wconf 76' lang='lat' dir='ltr'><strong>con¹</strong></span> 
     </span>
     <span class='ocr_line' id='line_1_29' title="bbox 91 2107 777 2154; baseline -0.003 -9"><span class='ocrx_word' id='word_1_234' title='bbox 91 2121 149 2154; x_wconf 85' lang='lat' dir='ltr'><strong>gressus</strong></span> <span class='ocrx_word' id='word_1_235' title='bbox 157 2130 180 2135; x_wconf 92' lang='lat'>—</span> <span class='ocrx_word' id='word_1_236' title='bbox 188 2110 220 2151; x_wconf 89' lang='lat' dir='ltr'><strong>ipse</strong></span> <span class='ocrx_word' id='word_1_237' title='bbox 229 2107 288 2143; x_wconf 81' lang='lat' dir='ltr'><strong>Lucifer</strong></span> <span class='ocrx_word' id='word_1_238' title='bbox 297 2128 318 2134; x_wconf 94' lang='lat'>—</span> <span class='ocrx_word' id='word_1_239' title='bbox 327 2108 408 2148; x_wconf 84' lang='lat' dir='ltr'><strong>unicuique</strong></span> <span class='ocrx_word' id='word_1_240' title='bbox 418 2109 472 2149; x_wconf 84' lang='lat' dir='ltr'><strong>strigae</strong></span> <span class='ocrx_word' id='word_1_241' title='bbox 481 2108 585 2152; x_wconf 82' lang='lat' dir='ltr'><strong>particularem</strong></span> <span class='ocrx_word' id='word_1_242' title='bbox 594 2110 675 2150; x_wconf 84' lang='lat' dir='ltr'><strong>assignaret</strong></span> <span class='ocrx_word' id='word_1_243' title='bbox 685 2109 777 2149; x_wconf 82' lang='lat' dir='ltr'><strong>daemonem,</strong></span> 
     </span>
     <span class='ocr_line' id='line_1_30' title="bbox 94 2150 778 2195; baseline -0.003 -8"><span class='ocrx_word' id='word_1_244' title='bbox 94 2155 126 2195; x_wconf 88' lang='lat' dir='ltr'><strong>(cui</strong></span> <span class='ocrx_word' id='word_1_245' title='bbox 136 2165 190 2187; x_wconf 89' lang='lat' dir='ltr'><strong>nornen</strong></span> <span class='ocrx_word' id='word_1_246' title='bbox 200 2153 289 2184; x_wconf 86' lang='lat' dir='ltr'><strong>Martinetus</strong></span> <span class='ocrx_word' id='word_1_247' title='bbox 300 2156 325 2183; x_wconf 90' lang='lat' dir='ltr'><strong>aut</strong></span> <span class='ocrx_word' id='word_1_248' title='bbox 334 2151 447 2190; x_wconf 85' lang='lat' dir='ltr'><strong>Martinellus),</strong></span> <span class='ocrx_word' id='word_1_249' title='bbox 457 2152 483 2190; x_wconf 89' lang='lat' dir='ltr'><strong>qui</strong></span> <span class='ocrx_word' id='word_1_250' title='bbox 493 2152 507 2183; x_wconf 91' lang='lat' dir='ltr'><strong>ei</strong></span> <span class='ocrx_word' id='word_1_251' title='bbox 518 2152 535 2183; x_wconf 90' lang='lat' dir='ltr'><strong>in</strong></span> <span class='ocrx_word' id='word_1_252' title='bbox 544 2150 614 2183; x_wconf 85' lang='lat' dir='ltr'><strong>omnibus</strong></span> <span class='ocrx_word' id='word_1_253' title='bbox 625 2152 689 2190; x_wconf 80' lang='lat' dir='ltr'><strong>serviret,</strong></span> <span class='ocrx_word' id='word_1_254' title='bbox 700 2162 742 2185; x_wconf 89' lang='lat' dir='ltr'><strong>suam</strong></span> <span class='ocrx_word' id='word_1_255' title='bbox 752 2152 778 2185; x_wconf 58' lang='lat' dir='ltr'><strong>cliv</strong></span> 
     </span>
     <span class='ocr_line' id='line_1_31' title="bbox 92 2190 778 2235; baseline -0.004 -6"><span class='ocrx_word' id='word_1_256' title='bbox 92 2196 158 2228; x_wconf 87' lang='lat' dir='ltr'><strong>entularu</strong></span> <span class='ocrx_word' id='word_1_257' title='bbox 170 2193 271 2228; x_wconf 76' lang='lat' dir='ltr'><strong>notificaturos</strong></span> <span class='ocrx_word' id='word_1_258' title='bbox 283 2193 302 2225; x_wconf 91' lang='lat' dir='ltr'><strong>de</strong></span> <span class='ocrx_word' id='word_1_259' title='bbox 314 2203 393 2233; x_wconf 81' lang='lat' dir='ltr'><strong>congressu</strong></span> <span class='ocrx_word' id='word_1_260' title='bbox 405 2193 473 2233; x_wconf 86' lang='lat' dir='ltr'><strong>proxime</strong></span> <span class='ocrx_word' id='word_1_261' title='bbox 486 2190 559 2232; x_wconf 86' lang='lat' dir='ltr'><strong>habituro,</strong></span> <span class='ocrx_word' id='word_1_262' title='bbox 573 2203 635 2233; x_wconf 84' lang='lat' dir='ltr'><strong>eamque</strong></span> <span class='ocrx_word' id='word_1_263' title='bbox 647 2193 678 2226; x_wconf 89' lang='lat' dir='ltr'><strong>illic</strong></span> <span class='ocrx_word' id='word_1_264' title='bbox 691 2204 717 2235; x_wconf 89' lang='lat' dir='ltr'><strong>per</strong></span> <span class='ocrx_word' id='word_1_265' title='bbox 730 2205 778 2227; x_wconf 85' lang='lat' dir='ltr'><strong>aerem</strong></span> 
     </span>
     <span class='ocr_line' id='line_1_32' title="bbox 90 2234 778 2278; baseline 0 -8"><span class='ocrx_word' id='word_1_266' title='bbox 90 2238 170 2276; x_wconf 86' lang='lat' dir='ltr'><strong>delaturus,</strong></span> <span class='ocrx_word' id='word_1_267' title='bbox 177 2255 199 2261; x_wconf 49' lang='grc' dir='ltr'><strong>ν-</strong></span> <span class='ocrx_word' id='word_1_268' title='bbox 204 2235 272 2274; x_wconf 86' lang='lat' dir='ltr'><strong>breviter,</strong></span> <span class='ocrx_word' id='word_1_269' title='bbox 279 2237 305 2276; x_wconf 86' lang='lat' dir='ltr'><strong>qui</strong></span> <span class='ocrx_word' id='word_1_270' title='bbox 313 2236 364 2267; x_wconf 84' lang='lat' dir='ltr'><strong>omnia</strong></span> <span class='ocrx_word' id='word_1_271' title='bbox 371 2234 476 2274; x_wconf 84' lang='lat' dir='ltr'><strong>suppeditaret,</strong></span> <span class='ocrx_word' id='word_1_272' title='bbox 483 2244 585 2275; x_wconf 85' lang='lat' dir='ltr'><strong>quaecumque</strong></span> <span class='ocrx_word' id='word_1_273' title='bbox 592 2234 681 2268; x_wconf 83' lang='lat' dir='ltr'><strong>desideraret</strong></span> <span class='ocrx_word' id='word_1_274' title='bbox 688 2237 721 2277; x_wconf 91' lang='lat' dir='ltr'><strong>ipsa</strong></span> <span class='ocrx_word' id='word_1_275' title='bbox 727 2236 778 2278; x_wconf 69' lang='lat' dir='ltr'><strong>striga,</strong></span> 
     </span>
     <span class='ocr_line' id='line_1_33' title="bbox 91 2276 778 2321; baseline 0 -9"><span class='ocrx_word' id='word_1_276' title='bbox 91 2280 136 2319; x_wconf 85' lang='lat' dir='ltr'><strong>Vide,</strong></span> <span class='ocrx_word' id='word_1_277' title='bbox 148 2291 161 2313; x_wconf 87' lang='lat' dir='ltr'><strong>e.</strong></span> <span class='ocrx_word' id='word_1_278' title='bbox 167 2290 181 2321; x_wconf 86' lang='lat' dir='ltr'><strong>g.</strong></span> <span class='ocrx_word' id='word_1_279' title='bbox 192 2278 259 2319; x_wconf 80' lang='lat' dir='ltr'><strong>Alphon.</strong></span> <span class='ocrx_word' id='word_1_280' title='bbox 271 2289 280 2310; x_wconf 91' lang='lat' dir='ltr'><strong>a</strong></span> <span class='ocrx_word' id='word_1_281' title='bbox 290 2279 347 2317; x_wconf 85' lang='lat' dir='ltr'><strong>Castro,</strong></span> <span class='ocrx_word' id='word_1_282' title='bbox 359 2278 407 2310; x_wconf 72' lang='grc' dir='ltr'><strong>ΟΜ,</strong></span> <span class='ocrx_word' id='word_1_283' title='bbox 419 2287 449 2319; x_wconf 89' lang='lat' dir='ltr'><strong>reg.</strong></span> <span class='ocrx_word' id='word_1_284' title='bbox 460 2276 502 2317; x_wconf 77' lang='lat' dir='ltr'><strong>Oba,</strong></span> <span class='ocrx_word' id='word_1_285' title='bbox 513 2278 539 2310; x_wconf 87' lang='lat' dir='ltr'><strong>De</strong></span> <span class='ocrx_word' id='word_1_286' title='bbox 549 2277 598 2320; x_wconf 81' lang='lat' dir='ltr'><strong>Impia</strong></span> <span class='ocrx_word' id='word_1_287' title='bbox 608 2276 719 2319; x_wconf 79' lang='lat' dir='ltr'><strong>Sortilegarum,</strong></span> <span class='ocrx_word' id='word_1_288' title='bbox 731 2277 778 2312; x_wconf 79' lang='lat' dir='ltr'><strong>Male·</strong></span> 
     </span>
     <span class='ocr_line' id='line_1_34' title="bbox 92 2318 779 2364; baseline -0.001 -8"><span class='ocrx_word' id='word_1_289' title='bbox 92 2322 152 2364; x_wconf 77' lang='lat' dir='ltr'><strong>ficarum</strong></span> <span class='ocrx_word' id='word_1_290' title='bbox 161 2329 175 2355; x_wconf 80' lang='lat' dir='ltr'><strong>et</strong></span> <span class='ocrx_word' id='word_1_291' title='bbox 182 2321 266 2355; x_wconf 79' lang='lat' dir='ltr'><strong>Lamiarum</strong></span> <span class='ocrx_word' id='word_1_292' title='bbox 274 2321 341 2358; x_wconf 78' lang='lat' dir='ltr'><strong>Haareri,</strong></span> <span class='ocrx_word' id='word_1_293' title='bbox 350 2321 367 2353; x_wconf 88' lang='lat' dir='ltr'><strong>in</strong></span> <span class='ocrx_word' id='word_1_294' title='bbox 374 2318 431 2352; x_wconf 72' lang='lat' dir='ltr'><strong>Malles</strong></span> <span class='ocrx_word' id='word_1_295' title='bbox 439 2318 545 2361; x_wconf 73' lang='lat' dir='ltr'><strong>Maleficarum,</strong></span> <span class='ocrx_word' id='word_1_296' title='bbox 555 2322 570 2353; x_wconf 92' lang='grc' dir='ltr'><strong>ΙΙ</strong></span> <span class='ocrx_word' id='word_1_297' title='bbox 580 2320 659 2361; x_wconf 84' lang='lat' dir='ltr'><strong>(Lugduni</strong></span> <span class='ocrx_word' id='word_1_298' title='bbox 668 2321 715 2362; x_wconf 77' lang='lat'>1669)</span> <span class='ocrx_word' id='word_1_299' title='bbox 727 2326 735 2354; x_wconf 86' lang='lat'>2</span> <span class='ocrx_word' id='word_1_300' title='bbox 744 2326 779 2355; x_wconf 70' lang='lat'><strong>211,</strong></span> 
     </span>
     <span class='ocr_line' id='line_1_35' title="bbox 92 2362 778 2406; baseline -0.001 -8"><span class='ocrx_word' id='word_1_301' title='bbox 92 2365 151 2406; x_wconf 85' lang='lat' dir='ltr'><strong>Quodsi</strong></span> <span class='ocrx_word' id='word_1_302' title='bbox 159 2365 192 2405; x_wconf 88' lang='lat' dir='ltr'><strong>quis</strong></span> <span class='ocrx_word' id='word_1_303' title='bbox 200 2369 215 2395; x_wconf 89' lang='lat' dir='ltr'><strong>et</strong></span> <span class='ocrx_word' id='word_1_304' title='bbox 222 2364 303 2403; x_wconf 86' lang='lat' dir='ltr'><strong>ipsissimas</strong></span> <span class='ocrx_word' id='word_1_305' title='bbox 311 2363 381 2394; x_wconf 86' lang='lat' dir='ltr'><strong>minutias</strong></span> <span class='ocrx_word' id='word_1_306' title='bbox 389 2362 408 2394; x_wconf 89' lang='lat' dir='ltr'><strong>de</strong></span> <span class='ocrx_word' id='word_1_307' title='bbox 416 2362 502 2395; x_wconf 82' lang='lat' dir='ltr'><strong>huiusmodi</strong></span> <span class='ocrx_word' id='word_1_308' title='bbox 510 2362 572 2395; x_wconf 89' lang='lat' dir='ltr'><strong>sordido</strong></span> <span class='ocrx_word' id='word_1_309' title='bbox 579 2364 667 2397; x_wconf 83' lang='lat' dir='ltr'><strong>commercio</strong></span> <span class='ocrx_word' id='word_1_310' title='bbox 675 2363 778 2406; x_wconf 86' lang='lat' dir='ltr'><strong>sortilegarum</strong></span> 
     </span>
     <span class='ocr_line' id='line_1_36' title="bbox 92 2404 779 2448; baseline 0 -8"><span class='ocrx_word' id='word_1_311' title='bbox 92 2407 141 2448; x_wconf 89' lang='lat' dir='ltr'><strong>legere</strong></span> <span class='ocrx_word' id='word_1_312' title='bbox 153 2407 202 2445; x_wconf 84' lang='lat' dir='ltr'><strong>vellet,</strong></span> <span class='ocrx_word' id='word_1_313' title='bbox 214 2405 257 2438; x_wconf 86' lang='lat' dir='ltr'><strong>adeat</strong></span> <span class='ocrx_word' id='word_1_314' title='bbox 268 2406 352 2437; x_wconf 71' lang='lat' dir='ltr'><strong>Martiarum</strong></span> <span class='ocrx_word' id='word_1_315' title='bbox 363 2404 421 2444; x_wconf 73' lang='lat' dir='ltr'><strong>Delma,</strong></span> <span class='ocrx_word' id='word_1_316' title='bbox 434 2407 448 2438; x_wconf 87' lang='lat' dir='ltr'><strong>S.</strong></span> <span class='ocrx_word' id='word_1_317' title='bbox 459 2406 476 2444; x_wconf 80' lang='grc'><strong>1.,</strong></span> <span class='ocrx_word' id='word_1_318' title='bbox 488 2404 615 2445; x_wconf 80' lang='lat' dir='ltr'><strong>Disqus&#39;ritionam</strong></span> <span class='ocrx_word' id='word_1_319' title='bbox 627 2405 725 2447; x_wconf 72' lang='lat' dir='ltr'><strong>Magnarum,</strong></span> <span class='ocrx_word' id='word_1_320' title='bbox 737 2406 779 2448; x_wconf 87' lang='lat' dir='ltr'><strong>quod</strong></span> 
     </span>
     <span class='ocr_line' id='line_1_37' title="bbox 92 2446 778 2491; baseline 0 -8"><span class='ocrx_word' id='word_1_321' title='bbox 92 2460 135 2491; x_wconf 91' lang='lat' dir='ltr'><strong>opus,</strong></span> <span class='ocrx_word' id='word_1_322' title='bbox 147 2461 173 2482; x_wconf 85' lang='lat' dir='ltr'><strong>sex</strong></span> <span class='ocrx_word' id='word_1_323' title='bbox 183 2449 228 2481; x_wconf 89' lang='lat' dir='ltr'><strong>tomis</strong></span> <span class='ocrx_word' id='word_1_324' title='bbox 239 2453 336 2489; x_wconf 82' lang='lat' dir='ltr'><strong>compactum,</strong></span> <span class='ocrx_word' id='word_1_325' title='bbox 348 2447 393 2481; x_wconf 89' lang='lat' dir='ltr'><strong>modo</strong></span> <span class='ocrx_word' id='word_1_326' title='bbox 405 2447 534 2489; x_wconf 78' lang='lat' dir='ltr'><strong>ponderatissinao,</strong></span> <span class='ocrx_word' id='word_1_327' title='bbox 546 2449 584 2481; x_wconf 85' lang='lat' dir='ltr'><strong>sicut</strong></span> <span class='ocrx_word' id='word_1_328' title='bbox 595 2446 660 2481; x_wconf 77' lang='lat' dir='ltr'><strong>Mallem</strong></span> <span class='ocrx_word' id='word_1_329' title='bbox 671 2446 778 2490; x_wconf 79' lang='lat' dir='ltr'><strong>Maleficarum,</strong></span> 
     </span>
     <span class='ocr_line' id='line_1_38' title="bbox 93 2490 779 2533; baseline 0 -8"><span class='ocrx_word' id='word_1_330' title='bbox 93 2491 157 2533; x_wconf 82' lang='lat' dir='ltr'><strong>praeterr</strong></span> <span class='ocrx_word' id='word_1_331' title='bbox 171 2491 257 2524; x_wconf 86' lang='lat' dir='ltr'><strong>omnimoda</strong></span> <span class='ocrx_word' id='word_1_332' title='bbox 272 2490 341 2524; x_wconf 83' lang='lat' dir='ltr'><strong>fabulosa</strong></span> <span class='ocrx_word' id='word_1_333' title='bbox 355 2490 457 2531; x_wconf 82' lang='lat' dir='ltr'><strong>stupendaque</strong></span> <span class='ocrx_word' id='word_1_334' title='bbox 472 2490 490 2524; x_wconf 85' lang='lat' dir='ltr'><strong>de</strong></span> <span class='ocrx_word' id='word_1_335' title='bbox 505 2491 554 2532; x_wconf 86' lang='lat' dir='ltr'><strong>magia</strong></span> <span class='ocrx_word' id='word_1_336' title='bbox 568 2491 637 2530; x_wconf 84' lang='lat' dir='ltr'><strong>naturali,</strong></span> <span class='ocrx_word' id='word_1_337' title='bbox 652 2490 730 2531; x_wconf 86' lang='lat' dir='ltr'><strong>artificiali,</strong></span> <span class='ocrx_word' id='word_1_338' title='bbox 745 2491 779 2525; x_wconf 85' lang='lat' dir='ltr'><strong>dae·</strong></span> 
     </span>
     <span class='ocr_line' id='line_1_39' title="bbox 93 2532 779 2576; baseline 0.001 -8"><span class='ocrx_word' id='word_1_339' title='bbox 93 2536 164 2573; x_wconf 78' lang='lat' dir='ltr'><strong>moniam,</strong></span> <span class='ocrx_word' id='word_1_340' title='bbox 175 2535 194 2567; x_wconf 90' lang='lat' dir='ltr'><strong>de</strong></span> <span class='ocrx_word' id='word_1_341' title='bbox 204 2532 273 2565; x_wconf 84' lang='lat' dir='ltr'><strong>omnibus</strong></span> <span class='ocrx_word' id='word_1_342' title='bbox 284 2532 360 2573; x_wconf 84' lang='lat' dir='ltr'><strong>speciebus</strong></span> <span class='ocrx_word' id='word_1_343' title='bbox 370 2534 483 2576; x_wconf 83' lang='lat' dir='ltr'><strong>superstitionis,</strong></span> <span class='ocrx_word' id='word_1_344' title='bbox 495 2543 553 2566; x_wconf 89' lang='lat' dir='ltr'><strong>necnon</strong></span> <span class='ocrx_word' id='word_1_345' title='bbox 563 2532 582 2567; x_wconf 90' lang='lat' dir='ltr'><strong>de</strong></span> <span class='ocrx_word' id='word_1_346' title='bbox 593 2532 642 2568; x_wconf 86' lang='lat' dir='ltr'><strong>officio</strong></span> <span class='ocrx_word' id='word_1_347' title='bbox 652 2533 706 2568; x_wconf 83' lang='lat' dir='ltr'><strong>iudicis</strong></span> <span class='ocrx_word' id='word_1_348' title='bbox 717 2536 734 2568; x_wconf 77' lang='lat' dir='ltr'><strong>at</strong></span> <span class='ocrx_word' id='word_1_349' title='bbox 745 2545 779 2570; x_wconf 60' lang='lat' dir='ltr'><strong>conv</strong></span> 
     </span>
     <span class='ocr_line' id='line_1_40' title="bbox 92 2574 779 2620; baseline 0.004 -10"><span class='ocrx_word' id='word_1_350' title='bbox 92 2576 153 2611; x_wconf 75' lang='lat' dir='ltr'><strong>{essoris</strong></span> <span class='ocrx_word' id='word_1_351' title='bbox 166 2577 203 2610; x_wconf 87' lang='lat' dir='ltr'><strong>circa</strong></span> <span class='ocrx_word' id='word_1_352' title='bbox 216 2574 294 2609; x_wconf 88' lang='lat' dir='ltr'><strong>maleficos.</strong></span> <span class='ocrx_word' id='word_1_353' title='bbox 307 2576 353 2617; x_wconf 87' lang='lat' dir='ltr'><strong>Typis</strong></span> <span class='ocrx_word' id='word_1_354' title='bbox 366 2577 411 2609; x_wconf 88' lang='lat' dir='ltr'><strong>vicies</strong></span> <span class='ocrx_word' id='word_1_355' title='bbox 424 2577 498 2617; x_wconf 82' lang='lat' dir='ltr'><strong>apparuit:</strong></span> <span class='ocrx_word' id='word_1_356' title='bbox 514 2575 610 2617; x_wconf 78' lang='lat' dir='ltr'><strong>Moguntiae,</strong></span> <span class='ocrx_word' id='word_1_357' title='bbox 623 2577 690 2617; x_wconf 87' lang='lat' dir='ltr'><strong>Lovanii,</strong></span> <span class='ocrx_word' id='word_1_358' title='bbox 704 2578 779 2620; x_wconf 83' lang='lat' dir='ltr'><strong>Lugduni,</strong></span> 
     </span>
     <span class='ocr_line' id='line_1_41' title="bbox 93 2619 657 2658; baseline -0.004 -4"><span class='ocrx_word' id='word_1_359' title='bbox 93 2621 170 2658; x_wconf 84' lang='lat' dir='ltr'><strong>Coloniae,</strong></span> <span class='ocrx_word' id='word_1_360' title='bbox 180 2619 253 2657; x_wconf 87' lang='lat' dir='ltr'><strong>Venetiis,</strong></span> <span class='ocrx_word' id='word_1_361' title='bbox 263 2619 317 2652; x_wconf 88' lang='lat' dir='ltr'><strong>ultimo</strong></span> <span class='ocrx_word' id='word_1_362' title='bbox 328 2630 363 2651; x_wconf 87' lang='lat' dir='ltr'><strong>vero</strong></span> <span class='ocrx_word' id='word_1_363' title='bbox 373 2620 441 2652; x_wconf 83' lang='lat' dir='ltr'><strong>Venetiis</strong></span> <span class='ocrx_word' id='word_1_364' title='bbox 453 2620 492 2655; x_wconf 77' lang='lat'><strong>1747</strong></span> <span class='ocrx_word' id='word_1_365' title='bbox 504 2626 518 2652; x_wconf 89' lang='lat' dir='ltr'><strong>et</strong></span> <span class='ocrx_word' id='word_1_366' title='bbox 528 2619 601 2653; x_wconf 86' lang='lat' dir='ltr'><strong>Coloniae</strong></span> <span class='ocrx_word' id='word_1_367' title='bbox 613 2624 657 2655; x_wconf 76' lang='lat'>1755.</span> 
     </span>
    </p>
   </div>
   <div class='ocr_carea' id='block_1_5' title="bbox 0 0 840 3045">
    <p class='ocr_par' dir='ltr' id='par_1_6' title="bbox 0 0 840 3045">
     <span class='ocr_line' id='line_1_42' title="bbox 0 0 840 3045; baseline 0 0"><span class='ocrx_word' id='word_1_368' title='bbox 0 0 840 3045; x_wconf 95' lang='lat' dir='ltr'><strong> </strong></span> 
     </span>
    </p>
   </div>
  </div>
 </body>
</html>
