1657 3045
264 130 365 167 Diruour
379 130 520 167 lnruuunrona
714 130 736 164 27

50 268 68 303 et
78 258 135 310 riam,
146 264 214 317 postea
223 255 329 317 principem
340 257 374 316 qui
385 255 493 299 adversario
504 262 571 298 nostro
582 251 691 314 praefectus
702 259 736 294 est.

49 334 88 377 Via
100 330 185 391 quidem,
196 338 262 374 nostra
273 331 313 373 vita
325 337 361 383 est;
375 329 493 373 adversarius
504 344 557 381 vero,
568 329 629 372 virtus
641 335 670 371 est
681 326 737 371 nobis

51 405 156 458 obluctans,
170 405 261 465 vitaeque
274 405 331 457 socia,
346 418 396 464 quae
409 403 473 448 nullas
486 417 526 447 non
541 403 637 463 excogitat
651 400 737 453 insidias,

21 477 23 480 ⁴
51 479 120 541 quibus
130 494 166 523 nos
177 495 189 523 a
198 479 230 522 via
241 478 266 522 ad
276 479 343 522 Deum
353 477 460 522 deducente
470 477 559 523 abducat:
572 478 661 538 princeps
673 483 738 520 autem

51 561 80 596 est
94 554 136 611 ipse
150 552 219 595 mundi
233 553 290 594 huius
305 553 400 611 princeps.
409 585 413 594 .
473 554 548 594 Verum
563 553 621 594 etiarn
634 564 687 601 vero,
703 563 738 608 per

51 628 141 668 virtutem
155 624 211 668 illam
225 623 362 678 obluctantem,
377 639 428 684 quae
441 625 493 668 vitae
507 625 558 668 socia
573 632 606 677 est,
622 622 738 667 daemonem

51 698 140 751 intendit,
155 698 189 742 sed
203 698 355 758 haudquaquam
369 697 439 741 exinde
454 699 544 757 sequitur,
560 700 577 742 S.
593 698 687 741 Basilium
700 698 738 740 hoc

51 773 95 816 loco
105 771 179 825 docere,
189 770 348 833 unumquemque
356 772 456 816 hominem
464 772 564 832 proprium
574 770 610 816 sibi
620 773 738 830 assignatum

51 846 122 890 habere
131 845 252 899 daemonem,
262 845 296 890 sed
304 847 375 907 potius,
385 853 406 890 ut
414 848 435 889 in
444 852 543 907 comperto
552 852 586 898 est,
596 845 621 889 de
629 844 738 889 adversario

53 922 111 963 totius
124 921 199 978 generis
211 922 298 973 humani,
311 923 362 963 socio
375 922 432 964 huius
444 922 495 964 vitae
507 921 528 962 in
540 921 654 963 oeconomia
666 920 738 971 salutis,

52 998 143 1056 loquitur.
163 997 219 1040 Secus
232 997 289 1047 enim,
302 994 327 1038 ad
338 995 453 1037 sententiam
465 994 520 1036 illam
532 993 702 1051 comprobandam,
716 1008 739 1036 ex

52 1068 142 1114 omnibus
155 1068 242 1113 Patribus
255 1068 351 1110 innumeri
364 1068 405 1110 erui
417 1074 496 1127 possent
508 1073 577 1118 textus,
591 1066 612 1108 in
624 1063 693 1125 quibus
705 1066 739 1108 im·

53 1143 193 1203 pugnationem
207 1141 320 1201 bellumque
334 1140 443 1184 universale
457 1139 575 1184 daemonum
590 1138 741 1198 eorumdemque

53 1217 168 1259 tentationes
178 1215 323 1259 subdolissimas
332 1228 408 1258 summa
416 1229 460 1257 cum
469 1212 560 1257 facundia
569 1213 683 1273 depingunt.

93 1297 116 1359 7)
130 1298 272 1340 Testimonium
280 1296 333 1341 haud
342 1298 397 1357 parvi
406 1297 501 1340 momenti
510 1310 546 1357 pro
556 1297 650 1339 sententia
660 1294 741 1339 affirma-

54 1374 93 1415 tiva
104 1372 215 1432 suppeditat
226 1374 244 1415 S.
256 1373 407 1415 GREGORIUS
417 1372 560 1423 NYSSENUS‚
572 1372 637 1430 quiin
648 1385 707 1430 opere
717 1369 741 1413 dr

55 1446 101 1491 Vita
113 1445 203 1502 Moyrir³⁷
217 1459 258 1488 rem
271 1452 300 1488 sat
312 1445 363 1488 clare
376 1446 471 1488 enuntiat:
487 1445 565 1488 “Sermo
578 1443 658 1504 quidam
671 1451 705 1496 est,
718 1458 742 1486 err

54 1525 135 1578 paterna
143 1517 247 1563 traditione
256 1517 316 1562 fidem
324 1516 403 1570 habens,
413 1519 447 1578 qui
457 1517 509 1571 dicit,
517 1525 586 1561 natura
595 1524 661 1561 nostra
670 1518 690 1560 in
700 1530 742 1577 pec·

35 1600 36 1604 ’
55 1600 119 1635 catum
133 1593 194 1652 lapsa,
209 1593 275 1634 Deum
290 1606 330 1634 non
344 1592 445 1652 reliquisse
458 1593 555 1634 miseriam
570 1599 655 1634 nostram
670 1590 742 1650 absque

55 1666 168 1724 patrocinio,
180 1665 214 1708 sed
224 1665 248 1709 ab
259 1680 282 1707 eo
294 1665 386 1723 angelum
397 1666 482 1724 aliquem
491 1699 495 1707 .
504 1699 508 1708 .
517 1699 521 1707 .
529 1666 654 1708 constitutum
665 1680 706 1707 esse
718 1664 742 1707 ad

56 1738 189 1782 auxiliandum
196 1739 346 1798 uniuscuiusque
352 1740 409 1791 vitae,
417 1740 531 1782 econtrario
539 1746 603 1781 autem
611 1746 743 1798 corruptorem

56 1819 136 1855 naturae
150 1813 256 1855 machinari
270 1812 342 1871 pariter
355 1825 389 1871 per
403 1826 485 1871 pravum
500 1812 585 1871 aliquem
600 1819 619 1855 et
633 1811 743 1855 maleficum

56 1884 152 1929 daemona
166 1893 185 1929 et
198 1884 276 1930 inficere
289 1886 349 1928 vitam
362 1885 455 1938 hominis;
469 1886 570 1929 hominem
583 1901 629 1930 vero
644 1886 693 1929 inter
707 1886 743 1929 hos

56 1958 105 2001 duos
118 1958 205 2002 medium
218 1973 265 2011 esse,
279 1966 361 2017 utroque
374 1960 508 2002 comitantium
520 1959 579 2002 finem
593 1961 705 2018 oppositum
719 1960 744 2003 ad

57 2031 139 2074 alterum
147 2031 236 2084 habente,
246 2033 348 2091 ipsumque
357 2046 391 2090 per
400 2046 420 2075 se
429 2031 504 2075 efficere
512 2040 554 2075 uter
563 2033 682 2092 praevaleat3
691 2032 743 2077 hono

57 2104 136 2163 quidem
148 2103 242 2148 offerente
254 2104 402 2163 cogitationibus
414 2104 466 2149 bona
477 2107 553 2149 uirtutis
562 2141 565 2148 .
575 2141 578 2148 .
588 2141 591 2149 .
600 2107 660 2150 altero
673 2114 744 2158 autem,

57 2177 145 2220 sordidas
159 2177 302 2221 delectationes.
311 2213 315 2220 .
324 2212 328 2220 .
337 2212 341 2220 .
349 2179 360 2192 ’'

97 2262 120 2303 ln
129 2261 201 2320 primis,
212 2275 252 2304 non
261 2267 325 2321 potest
335 2262 407 2319 negari,
418 2262 435 2306 S.
446 2263 564 2321 Gregorium
574 2271 593 2307 et
603 2262 710 2307 doctrinam
721 2263 745 2308 de

57 2333 110 2376 malo
119 2334 189 2393 angelo
197 2334 273 2377 homini
282 2333 398 2378 adhaerente
406 2350 430 2378 ex
437 2343 519 2396 paterna
526 2334 629 2381 traditione
638 2337 688 2381 tradi
697 2352 745 2382 asse·

58 2421 132 2460 verare;
143 2414 224 2467 utraque
236 2409 288 2452 enim
298 2422 348 2468 pars,
360 2423 404 2452 cum
415 2408 440 2454 de
451 2409 503 2455 bono
514 2418 556 2454 tum
568 2410 592 2455 de
603 2411 656 2455 malo
668 2412 745 2470 angelo,

100 2557 124 2588 37.
135 2555 160 2585 De
171 2553 207 2587 Vita
217 2554 279 2594 Moysis,
291 2555 307 2586 in
318 2554 397 2594 principio,
409 2556 426 2587 in
436 2554 533 2589 Enchiridr'on
545 2557 642 2596 Patristicrrm,
655 2557 674 2590 de
685 2558 746 2598 Journel

62 2594 93 2644 (ed.
101 2595 111 2627 l
120 2594 188 2636 Friburgi
197 2597 214 2629 B.
224 2596 272 2636 1922>
284 2608 298 2629 n.
308 2600 352 2629 1022.
360 2615 382 2620 —-
389 2598 444 2631 Textui
452 2609 505 2639 graeco
514 2598 605 2633 conformior
614 2606 635 2633 est
643 2601 692 2633 versio
701 2601 747 2633 latina

59 2637 83 2669 h1c
93 2637 142 2677 allata,
153 2649 199 2679 quam
209 2639 237 2670 ista
248 2639 283 2672 alia:
296 2639 383 2671 ''Occultior
393 2640 466 2681 quaedam
476 2641 541 2681 traditio,
552 2648 620 2675 etvetus
631 2653 679 2676 sermo
690 2642 709 2676 ad
719 2654 746 2675 nos

59 2690 106 2721 usque
115 2680 195 2720 descendit,
205 2692 235 2723 quo
245 2681 313 2715 creditur.
320 2708 323 2715 .
330 2708 334 2715 .
341 2708 344 2715 .
350 2683 358 2694 '¹
367 2682 407 2725 (PG.
418 2685 437 2716 tl
448 2684 493 2726 338).
