<?xml version="1.0" encoding="UTF-8"?>
<!DOCTYPE html PUBLIC "-//W3C//DTD XHTML 1.0 Transitional//EN"
    "http://www.w3.org/TR/xhtml1/DTD/xhtml1-transitional.dtd">
<html xmlns="http://www.w3.org/1999/xhtml" xml:lang="en" lang="en">
 <head>
  <title>
</title>
<meta http-equiv="Content-Type" content="text/html;charset=utf-8" />
  <meta name='ocr-system' content='tesseract 3.04.00' />
  <meta name='ocr-capabilities' content='ocr_page ocr_carea ocr_par ocr_line ocrx_word'/>
</head>
<body>
  <div class='ocr_page' id='page_1' title='image "MN41545ucmf_5_0055.png"; bbox 0 0 1657 3045; ppageno 0'>
   <div class='ocr_carea' id='block_1_1' title="bbox 249 128 728 165">
    <p class='ocr_par' dir='ltr' id='par_1_1' title="bbox 249 128 728 165">
     <span class='ocr_line' id='line_1_1' title="bbox 249 128 728 165; baseline 0.002 -2"><span class='ocrx_word' id='word_1_1' title='bbox 249 128 356 165; x_wconf 74' lang='lat' dir='ltr'>vDauuouu</span> <span class='ocrx_word' id='word_1_2' title='bbox 370 129 512 165; x_wconf 75' lang='lat' dir='ltr'>turnonmonn</span> <span class='ocrx_word' id='word_1_3' title='bbox 706 129 728 164; x_wconf 85' lang='lat'>19</span> 
     </span>
    </p>
   </div>
   <div class='ocr_carea' id='block_1_2' title="bbox 21 249 732 1446">
    <p class='ocr_par' dir='ltr' id='par_1_2' title="bbox 21 249 732 1446">
     <span class='ocr_line' id='line_1_2' title="bbox 80 249 728 315; baseline -0.011 -16"><span class='ocrx_word' id='word_1_4' title='bbox 80 259 205 315; x_wconf 79' lang='lat' dir='ltr'><strong>Quamquam</strong></span> <span class='ocrx_word' id='word_1_5' title='bbox 219 268 265 297; x_wconf 91' lang='lat' dir='ltr'>vero</span> <span class='ocrx_word' id='word_1_6' title='bbox 279 268 309 297; x_wconf 92' lang='lat' dir='ltr'>res</span> <span class='ocrx_word' id='word_1_7' title='bbox 322 255 350 296; x_wconf 89' lang='lat' dir='ltr'>ita</span> <span class='ocrx_word' id='word_1_8' title='bbox 363 268 384 297; x_wconf 93' lang='lat' dir='ltr'>se</span> <span class='ocrx_word' id='word_1_9' title='bbox 397 253 473 306; x_wconf 87' lang='lat' dir='ltr'>habeat,</span> <span class='ocrx_word' id='word_1_10' title='bbox 487 254 535 297; x_wconf 89' lang='lat' dir='ltr'>utile</span> <span class='ocrx_word' id='word_1_11' title='bbox 549 249 677 313; x_wconf 85' lang='lat' dir='ltr'>proculdubio</span> <span class='ocrx_word' id='word_1_12' title='bbox 692 251 728 293; x_wconf 89' lang='lat' dir='ltr'>erit</span> 
     </span>
     <span class='ocr_line' id='line_1_3' title="bbox 42 322 728 390; baseline -0.016 -14"><span class='ocrx_word' id='word_1_13' title='bbox 42 328 115 390; x_wconf 88' lang='lat' dir='ltr'>aliquid</span> <span class='ocrx_word' id='word_1_14' title='bbox 124 328 149 371; x_wconf 90' lang='lat' dir='ltr'>de</span> <span class='ocrx_word' id='word_1_15' title='bbox 158 327 225 371; x_wconf 84' lang='lat' dir='ltr'>valore</span> <span class='ocrx_word' id='word_1_16' title='bbox 233 328 290 370; x_wconf 88' lang='lat' dir='ltr'>huius</span> <span class='ocrx_word' id='word_1_17' title='bbox 299 327 363 386; x_wconf 91' lang='lat' dir='ltr'>operis</span> <span class='ocrx_word' id='word_1_18' title='bbox 373 326 441 379; x_wconf 79' lang='lat' dir='ltr'>dicere,</span> <span class='ocrx_word' id='word_1_19' title='bbox 451 342 495 370; x_wconf 91' lang='lat' dir='ltr'>cum</span> <span class='ocrx_word' id='word_1_20' title='bbox 504 329 539 370; x_wconf 88' lang='lat' dir='ltr'>iste</span> <span class='ocrx_word' id='word_1_21' title='bbox 548 328 602 370; x_wconf 91' lang='lat' dir='ltr'>locus</span> <span class='ocrx_word' id='word_1_22' title='bbox 611 325 681 369; x_wconf 88' lang='lat' dir='ltr'>maiori</span> <span class='ocrx_word' id='word_1_23' title='bbox 691 322 728 366; x_wconf 78' lang='lat' dir='ltr'>fre-</span> 
     </span>
     <span class='ocr_line' id='line_1_4' title="bbox 42 396 728 466; baseline -0.012 -19"><span class='ocrx_word' id='word_1_24' title='bbox 42 402 120 466; x_wconf 83' lang='lat' dir='ltr'><strong>quentia</strong></span> <span class='ocrx_word' id='word_1_25' title='bbox 129 417 140 445; x_wconf 91' lang='lat' dir='ltr'>a</span> <span class='ocrx_word' id='word_1_26' title='bbox 149 399 257 445; x_wconf 82' lang='lat' dir='ltr'>fautoribus</span> <span class='ocrx_word' id='word_1_27' title='bbox 267 400 373 443; x_wconf 86' lang='lat' dir='ltr'>sententiae</span> <span class='ocrx_word' id='word_1_28' title='bbox 383 399 507 444; x_wconf 86' lang='lat' dir='ltr'>affirmativae</span> <span class='ocrx_word' id='word_1_29' title='bbox 516 402 537 444; x_wconf 90' lang='lat' dir='ltr'>in</span> <span class='ocrx_word' id='word_1_30' title='bbox 545 399 632 444; x_wconf 90' lang='lat' dir='ltr'>medium</span> <span class='ocrx_word' id='word_1_31' title='bbox 642 396 728 458; x_wconf 85' lang='lat' dir='ltr'>profera-</span> 
     </span>
     <span class='ocr_line' id='line_1_5' title="bbox 21 471 728 532; baseline -0.013 -10"><span class='ocrx_word' id='word_1_32' title='bbox 21 480 22 483; x_wconf 69' lang='grc'>’</span> <span class='ocrx_word' id='word_1_33' title='bbox 43 487 78 522; x_wconf 92' lang='lat' dir='ltr'>tur.</span> <span class='ocrx_word' id='word_1_34' title='bbox 101 473 224 520; x_wconf 83' lang='lat' dir='ltr'>Orthodoxia</span> <span class='ocrx_word' id='word_1_35' title='bbox 237 474 316 518; x_wconf 90' lang='lat' dir='ltr'>huiusce</span> <span class='ocrx_word' id='word_1_36' title='bbox 331 472 375 518; x_wconf 84' lang='lat' dir='ltr'>libri</span> <span class='ocrx_word' id='word_1_37' title='bbox 389 473 447 517; x_wconf 88' lang='lat' dir='ltr'>valde</span> <span class='ocrx_word' id='word_1_38' title='bbox 462 474 496 519; x_wconf 92' lang='lat' dir='ltr'>sub</span> <span class='ocrx_word' id='word_1_39' title='bbox 511 474 574 519; x_wconf 92' lang='lat' dir='ltr'>iudice</span> <span class='ocrx_word' id='word_1_40' title='bbox 589 471 728 532; x_wconf 76' lang='lat' dir='ltr'>exagitabatur.</span> 
     </span>
     <span class='ocr_line' id='line_1_6' title="bbox 43 545 728 609; baseline -0.012 -14"><span class='ocrx_word' id='word_1_41' title='bbox 43 551 124 609; x_wconf 84' lang='lat' dir='ltr'>Aliquot</span> <span class='ocrx_word' id='word_1_42' title='bbox 135 555 199 592; x_wconf 91' lang='lat' dir='ltr'>autem</span> <span class='ocrx_word' id='word_1_43' title='bbox 210 561 283 591; x_wconf 88' lang='lat' dir='ltr'>errores</span> <span class='ocrx_word' id='word_1_44' title='bbox 293 547 314 590; x_wconf 91' lang='lat' dir='ltr'>in</span> <span class='ocrx_word' id='word_1_45' title='bbox 324 561 348 591; x_wconf 91' lang='lat' dir='ltr'>eo</span> <span class='ocrx_word' id='word_1_46' title='bbox 358 548 426 600; x_wconf 89' lang='lat' dir='ltr'>inesse,</span> <span class='ocrx_word' id='word_1_47' title='bbox 437 548 490 592; x_wconf 89' lang='lat' dir='ltr'>haud</span> <span class='ocrx_word' id='word_1_48' title='bbox 499 549 566 607; x_wconf 87' lang='lat' dir='ltr'>negari</span> <span class='ocrx_word' id='word_1_49' title='bbox 576 563 633 608; x_wconf 92' lang='lat' dir='ltr'>posse</span> <span class='ocrx_word' id='word_1_50' title='bbox 643 545 728 598; x_wconf 81' lang='lat' dir='ltr'>videtur3</span> 
     </span>
     <span class='ocr_line' id='line_1_7' title="bbox 44 620 729 681; baseline -0.007 -14"><span class='ocrx_word' id='word_1_51' title='bbox 44 621 189 681; x_wconf 89' lang='lat' dir='ltr'>adiungendum</span> <span class='ocrx_word' id='word_1_52' title='bbox 197 628 262 664; x_wconf 90' lang='lat' dir='ltr'>tamen</span> <span class='ocrx_word' id='word_1_53' title='bbox 270 629 298 664; x_wconf 93' lang='lat' dir='ltr'>est</span> <span class='ocrx_word' id='word_1_54' title='bbox 306 622 326 663; x_wconf 93' lang='lat' dir='ltr'>in</span> <span class='ocrx_word' id='word_1_55' title='bbox 334 620 422 664; x_wconf 80' lang='lat' dir='ltr'>favorem</span> <span class='ocrx_word' id='word_1_56' title='bbox 430 622 526 679; x_wconf 79' lang='lat' dir='ltr'>origenis,</span> <span class='ocrx_word' id='word_1_57' title='bbox 535 622 588 681; x_wconf 93' lang='lat' dir='ltr'>quod</span> <span class='ocrx_word' id='word_1_58' title='bbox 596 624 617 664; x_wconf 91' lang='lat' dir='ltr'>in</span> <span class='ocrx_word' id='word_1_59' title='bbox 624 623 662 664; x_wconf 92' lang='lat' dir='ltr'>hoc</span> <span class='ocrx_word' id='word_1_60' title='bbox 670 635 729 679; x_wconf 89' lang='lat' dir='ltr'>opere</span> 
     </span>
     <span class='ocr_line' id='line_1_8' title="bbox 44 693 729 753; baseline -0.007 -12"><span class='ocrx_word' id='word_1_61' title='bbox 44 712 83 741; x_wconf 94' lang='lat' dir='ltr'>non</span> <span class='ocrx_word' id='word_1_62' title='bbox 95 695 177 740; x_wconf 90' lang='lat' dir='ltr'>habetur</span> <span class='ocrx_word' id='word_1_63' title='bbox 190 695 230 737; x_wconf 88' lang='lat' dir='ltr'>eius</span> <span class='ocrx_word' id='word_1_64' title='bbox 243 708 298 737; x_wconf 92' lang='lat' dir='ltr'>mens</span> <span class='ocrx_word' id='word_1_65' title='bbox 311 693 416 746; x_wconf 89' lang='lat' dir='ltr'>definitiva,</span> <span class='ocrx_word' id='word_1_66' title='bbox 429 695 475 753; x_wconf 90' lang='lat' dir='ltr'>quia</span> <span class='ocrx_word' id='word_1_67' title='bbox 488 696 508 737; x_wconf 97' lang='lat' dir='ltr'>in</span> <span class='ocrx_word' id='word_1_68' title='bbox 522 710 544 738; x_wconf 93' lang='lat' dir='ltr'>eo</span> <span class='ocrx_word' id='word_1_69' title='bbox 557 694 660 738; x_wconf 89' lang='lat' dir='ltr'>conflando</span> <span class='ocrx_word' id='word_1_70' title='bbox 674 708 729 737; x_wconf 89' lang='lat' dir='ltr'>suam</span> 
     </span>
     <span class='ocr_line' id='line_1_9' title="bbox 44 766 729 830; baseline -0.009 -16"><span class='ocrx_word' id='word_1_71' title='bbox 44 769 144 830; x_wconf 80' lang='lat' dir='ltr'>profitetur</span> <span class='ocrx_word' id='word_1_72' title='bbox 160 768 288 811; x_wconf 88' lang='lat' dir='ltr'>intentionem</span> <span class='ocrx_word' id='word_1_73' title='bbox 304 769 382 810; x_wconf 92' lang='lat' dir='ltr'>nonnisi</span> <span class='ocrx_word' id='word_1_74' title='bbox 399 768 505 811; x_wconf 86' lang='lat' dir='ltr'>solutiones</span> <span class='ocrx_word' id='word_1_75' title='bbox 521 767 652 827; x_wconf 73' lang='lat' dir='ltr'>hypotheticas</span> <span class='ocrx_word' id='word_1_76' title='bbox 670 766 729 810; x_wconf 91' lang='lat' dir='ltr'>dandi</span> 
     </span>
     <span class='ocr_line' id='line_1_10' title="bbox 44 845 730 905; baseline -0.006 -14"><span class='ocrx_word' id='word_1_77' title='bbox 44 849 92 892; x_wconf 88' lang='lat' dir='ltr'>circa</span> <span class='ocrx_word' id='word_1_78' title='bbox 102 846 176 905; x_wconf 90' lang='lat' dir='ltr'>aliquas</span> <span class='ocrx_word' id='word_1_79' title='bbox 186 846 314 905; x_wconf 82' lang='lat' dir='ltr'>quaestiones,</span> <span class='ocrx_word' id='word_1_80' title='bbox 324 846 374 888; x_wconf 89' lang='lat' dir='ltr'>inter</span> <span class='ocrx_word' id='word_1_81' title='bbox 384 859 437 904; x_wconf 86' lang='lat' dir='ltr'>quas,</span> <span class='ocrx_word' id='word_1_82' title='bbox 448 845 501 904; x_wconf 94' lang='lat' dir='ltr'>quod</span> <span class='ocrx_word' id='word_1_83' title='bbox 511 859 546 904; x_wconf 93' lang='lat' dir='ltr'>pro</span> <span class='ocrx_word' id='word_1_84' title='bbox 556 845 652 904; x_wconf 78' lang='lat' dir='ltr'>praesenti</span> <span class='ocrx_word' id='word_1_85' title='bbox 661 850 730 887; x_wconf 87' lang='lat' dir='ltr'>notatu</span> 
     </span>
     <span class='ocr_line' id='line_1_11' title="bbox 44 922 730 982; baseline -0.004 -15"><span class='ocrx_word' id='word_1_86' title='bbox 44 924 105 982; x_wconf 86' lang='lat' dir='ltr'>magis</span> <span class='ocrx_word' id='word_1_87' title='bbox 115 922 197 981; x_wconf 90' lang='lat' dir='ltr'>dignum</span> <span class='ocrx_word' id='word_1_88' title='bbox 207 930 241 975; x_wconf 84' lang='lat' dir='ltr'>est,</span> <span class='ocrx_word' id='word_1_89' title='bbox 252 937 284 966; x_wconf 90' lang='lat' dir='ltr'>eas</span> <span class='ocrx_word' id='word_1_90' title='bbox 294 923 343 966; x_wconf 88' lang='lat' dir='ltr'>circa</span> <span class='ocrx_word' id='word_1_91' title='bbox 352 930 442 966; x_wconf 89' lang='lat' dir='ltr'>naturam</span> <span class='ocrx_word' id='word_1_92' title='bbox 452 923 554 982; x_wconf 82' lang='lat' dir='ltr'>spirituum</span> <span class='ocrx_word' id='word_1_93' title='bbox 563 937 638 966; x_wconf 86' lang='lat' dir='ltr'>necnon</span> <span class='ocrx_word' id='word_1_94' title='bbox 648 922 730 966; x_wconf 88' lang='lat' dir='ltr'>liberum</span> 
     </span>
     <span class='ocr_line' id='line_1_12' title="bbox 44 998 730 1062; baseline -0.004 -17"><span class='ocrx_word' id='word_1_95' title='bbox 44 1002 128 1045; x_wconf 89' lang='lat' dir='ltr'>hominis</span> <span class='ocrx_word' id='word_1_96' title='bbox 141 998 246 1053; x_wconf 84' lang='lat' dir='ltr'>arbitrium,</span> <span class='ocrx_word' id='word_1_97' title='bbox 263 1000 295 1062; x_wconf 85' lang='lat' dir='ltr'>(in</span> <span class='ocrx_word' id='word_1_98' title='bbox 307 999 376 1061; x_wconf 93' lang='lat' dir='ltr'>quibus</span> <span class='ocrx_word' id='word_1_99' title='bbox 390 1002 502 1061; x_wconf 89' lang='lat' dir='ltr'>praesertim</span> <span class='ocrx_word' id='word_1_100' title='bbox 514 1000 614 1045; x_wconf 90' lang='lat' dir='ltr'>abundant</span> <span class='ocrx_word' id='word_1_101' title='bbox 627 1000 730 1060; x_wconf 81' lang='lat' dir='ltr'>errorest),</span> 
     </span>
     <span class='ocr_line' id='line_1_13' title="bbox 46 1078 731 1138; baseline -0.003 -15"><span class='ocrx_word' id='word_1_102' title='bbox 46 1078 172 1123; x_wconf 86' lang='lat' dir='ltr'>recensendae</span> <span class='ocrx_word' id='word_1_103' title='bbox 186 1086 236 1122; x_wconf 89' lang='lat' dir='ltr'>sunt.</span> <span class='ocrx_word' id='word_1_104' title='bbox 257 1079 341 1122; x_wconf 84' lang='lat' dir='ltr'>Maximi</span> <span class='ocrx_word' id='word_1_105' title='bbox 353 1093 400 1123; x_wconf 89' lang='lat' dir='ltr'>vero</span> <span class='ocrx_word' id='word_1_106' title='bbox 414 1086 442 1123; x_wconf 91' lang='lat' dir='ltr'>est</span> <span class='ocrx_word' id='word_1_107' title='bbox 455 1080 555 1131; x_wconf 89' lang='lat' dir='ltr'>momenti,</span> <span class='ocrx_word' id='word_1_108' title='bbox 570 1079 623 1138; x_wconf 92' lang='lat' dir='ltr'>quod</span> <span class='ocrx_word' id='word_1_109' title='bbox 637 1079 731 1136; x_wconf 84' lang='lat' dir='ltr'>Origenes</span> 
     </span>
     <span class='ocr_line' id='line_1_14' title="bbox 46 1153 732 1215; baseline -0.003 -16"><span class='ocrx_word' id='word_1_110' title='bbox 46 1155 127 1200; x_wconf 91' lang='lat' dir='ltr'>liberum</span> <span class='ocrx_word' id='word_1_111' title='bbox 140 1153 240 1199; x_wconf 84' lang='lat' dir='ltr'>arbitrium</span> <span class='ocrx_word' id='word_1_112' title='bbox 253 1157 336 1215; x_wconf 86' lang='lat' dir='ltr'>concipit</span> <span class='ocrx_word' id='word_1_113' title='bbox 349 1155 515 1215; x_wconf 87' lang='lat' dir='ltr'>quemadmodum</span> <span class='ocrx_word' id='word_1_114' title='bbox 527 1157 613 1215; x_wconf 84' lang='lat' dir='ltr'>aliquam</span> <span class='ocrx_word' id='word_1_115' title='bbox 625 1157 732 1215; x_wconf 85' lang='lat' dir='ltr'>potentiam</span> 
     </span>
     <span class='ocr_line' id='line_1_15' title="bbox 46 1232 732 1292; baseline -0.001 -17"><span class='ocrx_word' id='word_1_116' title='bbox 46 1233 172 1285; x_wconf 84' lang='lat' dir='ltr'>indefinitam,</span> <span class='ocrx_word' id='word_1_117' title='bbox 186 1248 236 1292; x_wconf 87' lang='lat' dir='ltr'>quae</span> <span class='ocrx_word' id='word_1_118' title='bbox 244 1233 299 1275; x_wconf 74' lang='lat' dir='ltr'>vinter</span> <span class='ocrx_word' id='word_1_119' title='bbox 311 1233 385 1278; x_wconf 90' lang='lat' dir='ltr'>bonum</span> <span class='ocrx_word' id='word_1_120' title='bbox 398 1242 417 1277; x_wconf 88' lang='lat' dir='ltr'>et</span> <span class='ocrx_word' id='word_1_121' title='bbox 429 1234 504 1277; x_wconf 87' lang='lat' dir='ltr'>malum</span> <span class='ocrx_word' id='word_1_122' title='bbox 516 1234 599 1277; x_wconf 89' lang='lat' dir='ltr'>vacillat.</span> <span class='ocrx_word' id='word_1_123' title='bbox 613 1232 732 1277; x_wconf 90' lang='lat' dir='ltr'>Huiusmodi</span> 
     </span>
     <span class='ocr_line' id='line_1_16' title="bbox 47 1306 732 1372; baseline -0.001 -19"><span class='ocrx_word' id='word_1_124' title='bbox 47 1317 111 1353; x_wconf 90' lang='lat' dir='ltr'>autem</span> <span class='ocrx_word' id='word_1_125' title='bbox 124 1310 213 1370; x_wconf 88' lang='lat' dir='ltr'>principii</span> <span class='ocrx_word' id='word_1_126' title='bbox 227 1310 296 1354; x_wconf 91' lang='lat' dir='ltr'>relatio</span> <span class='ocrx_word' id='word_1_127' title='bbox 308 1325 352 1354; x_wconf 90' lang='lat' dir='ltr'>cum</span> <span class='ocrx_word' id='word_1_128' title='bbox 366 1306 453 1354; x_wconf 91' lang='lat' dir='ltr'>doctrina</span> <span class='ocrx_word' id='word_1_129' title='bbox 466 1310 491 1355; x_wconf 90' lang='lat' dir='ltr'>de</span> <span class='ocrx_word' id='word_1_130' title='bbox 504 1310 576 1372; x_wconf 86' lang='lat' dir='ltr'>duplici</span> <span class='ocrx_word' id='word_1_131' title='bbox 590 1312 622 1354; x_wconf 90' lang='lat' dir='ltr'>via</span> <span class='ocrx_word' id='word_1_132' title='bbox 635 1311 732 1353; x_wconf 91' lang='lat' dir='ltr'>neminem</span> 
     </span>
     <span class='ocr_line' id='line_1_17' title="bbox 47 1387 132 1446; baseline 0 -15"><span class='ocrx_word' id='word_1_133' title='bbox 47 1387 132 1446; x_wconf 83' lang='lat' dir='ltr'>effugiet.</span> 
     </span>
    </p>
   </div>
   <div class='ocr_carea' id='block_1_3' title="bbox 86 1469 733 1533">
    <p class='ocr_par' dir='ltr' id='par_1_3' title="bbox 86 1469 733 1533">
     <span class='ocr_line' id='line_1_18' title="bbox 86 1469 733 1533; baseline 0.003 -20"><span class='ocrx_word' id='word_1_134' title='bbox 86 1472 163 1514; x_wconf 90' lang='lat' dir='ltr'>Praesto</span> <span class='ocrx_word' id='word_1_135' title='bbox 177 1469 239 1514; x_wconf 90' lang='lat' dir='ltr'>adhuc</span> <span class='ocrx_word' id='word_1_136' title='bbox 252 1479 296 1515; x_wconf 92' lang='lat' dir='ltr'>sunt</span> <span class='ocrx_word' id='word_1_137' title='bbox 308 1471 347 1515; x_wconf 92' lang='lat' dir='ltr'>duo</span> <span class='ocrx_word' id='word_1_138' title='bbox 361 1472 399 1516; x_wconf 91' lang='lat' dir='ltr'>alia</span> <span class='ocrx_word' id='word_1_139' title='bbox 411 1472 454 1516; x_wconf 90' lang='lat' dir='ltr'>loca</span> <span class='ocrx_word' id='word_1_140' title='bbox 466 1474 563 1532; x_wconf 90' lang='lat' dir='ltr'>Origenis‚</span> <span class='ocrx_word' id='word_1_141' title='bbox 577 1488 632 1533; x_wconf 91' lang='lat' dir='ltr'>quae,</span> <span class='ocrx_word' id='word_1_142' title='bbox 645 1473 733 1532; x_wconf 89' lang='lat' dir='ltr'>quamvis</span> 
     </span>
    </p>
   </div>
   <div class='ocr_carea' id='block_1_4' title="bbox 47 1547 739 2542">
    <p class='ocr_par' dir='ltr' id='par_1_4' title="bbox 47 1547 739 2542">
     <span class='ocr_line' id='line_1_19' title="bbox 47 1547 733 1610; baseline 0.003 -19"><span class='ocrx_word' id='word_1_143' title='bbox 47 1563 82 1608; x_wconf 91' lang='lat' dir='ltr'>pro</span> <span class='ocrx_word' id='word_1_144' title='bbox 94 1549 189 1593; x_wconf 83' lang='lat' dir='ltr'>sententia</span> <span class='ocrx_word' id='word_1_145' title='bbox 199 1547 224 1593; x_wconf 93' lang='lat' dir='ltr'>de</span> <span class='ocrx_word' id='word_1_146' title='bbox 234 1548 284 1594; x_wconf 89' lang='lat' dir='ltr'>binis</span> <span class='ocrx_word' id='word_1_147' title='bbox 296 1550 370 1609; x_wconf 83' lang='lat' dir='ltr'>angelis</span> <span class='ocrx_word' id='word_1_148' title='bbox 381 1550 492 1596; x_wconf 88' lang='lat' dir='ltr'>hominibus</span> <span class='ocrx_word' id='word_1_149' title='bbox 504 1551 626 1610; x_wconf 87' lang='lat' dir='ltr'>singulariter</span> <span class='ocrx_word' id='word_1_150' title='bbox 637 1550 733 1609; x_wconf 92' lang='lat' dir='ltr'>deputatis</span> 
     </span>
     <span class='ocr_line' id='line_1_20' title="bbox 48 1626 733 1689; baseline 0.003 -20"><span class='ocrx_word' id='word_1_151' title='bbox 48 1627 175 1670; x_wconf 86' lang='lat' dir='ltr'>communiter</span> <span class='ocrx_word' id='word_1_152' title='bbox 188 1626 275 1679; x_wconf 90' lang='lat' dir='ltr'>citentur,</span> <span class='ocrx_word' id='word_1_153' title='bbox 288 1635 323 1687; x_wconf 81' lang='lat' dir='ltr'>per</span> <span class='ocrx_word' id='word_1_154' title='bbox 335 1642 356 1671; x_wconf 81' lang='lat' dir='ltr'>ra</span> <span class='ocrx_word' id='word_1_155' title='bbox 367 1629 445 1672; x_wconf 91' lang='lat' dir='ltr'>nonnisi</span> <span class='ocrx_word' id='word_1_156' title='bbox 458 1628 566 1673; x_wconf 87' lang='lat' dir='ltr'>doctrinam</span> <span class='ocrx_word' id='word_1_157' title='bbox 579 1629 603 1672; x_wconf 91' lang='lat' dir='ltr'>de</span> <span class='ocrx_word' id='word_1_158' title='bbox 617 1628 690 1689; x_wconf 90' lang='lat' dir='ltr'>duplici</span> <span class='ocrx_word' id='word_1_159' title='bbox 702 1630 733 1671; x_wconf 91' lang='lat' dir='ltr'>via</span> 
     </span>
     <span class='ocr_line' id='line_1_21' title="bbox 48 1703 733 1765; baseline 0.003 -19"><span class='ocrx_word' id='word_1_160' title='bbox 48 1703 111 1763; x_wconf 89' lang='lat' dir='ltr'>deque</span> <span class='ocrx_word' id='word_1_161' title='bbox 117 1703 214 1748; x_wconf 91' lang='lat' dir='ltr'>bonorum</span> <span class='ocrx_word' id='word_1_162' title='bbox 223 1705 337 1763; x_wconf 88' lang='lat' dir='ltr'>angelorum</span> <span class='ocrx_word' id='word_1_163' title='bbox 346 1706 407 1749; x_wconf 89' lang='lat' dir='ltr'>tutela</span> <span class='ocrx_word' id='word_1_164' title='bbox 416 1714 474 1765; x_wconf 86' lang='lat' dir='ltr'>atque</span> <span class='ocrx_word' id='word_1_165' title='bbox 482 1707 578 1750; x_wconf 91' lang='lat' dir='ltr'>malorum</span> <span class='ocrx_word' id='word_1_166' title='bbox 587 1706 667 1758; x_wconf 83' lang='lat' dir='ltr'>insidiis,</span> <span class='ocrx_word' id='word_1_167' title='bbox 677 1707 704 1748; x_wconf 85' lang='lat' dir='ltr'>ric</span> <span class='ocrx_word' id='word_1_168' title='bbox 713 1707 733 1748; x_wconf 84' lang='lat' dir='ltr'>in</span> 
     </span>
     <span class='ocr_line' id='line_1_22' title="bbox 48 1783 734 1843; baseline 0.004 -20"><span class='ocrx_word' id='word_1_169' title='bbox 48 1795 124 1843; x_wconf 80' lang='lat' dir='ltr'>genere,</span> <span class='ocrx_word' id='word_1_170' title='bbox 139 1789 257 1841; x_wconf 88' lang='lat' dir='ltr'>proponunt.</span> <span class='ocrx_word' id='word_1_171' title='bbox 272 1784 307 1834; x_wconf 88' lang='lat' dir='ltr'>Ita,</span> <span class='ocrx_word' id='word_1_172' title='bbox 322 1783 342 1825; x_wconf 88' lang='lat' dir='ltr'>in</span> <span class='ocrx_word' id='word_1_173' title='bbox 356 1785 416 1826; x_wconf 82' lang='lat' dir='ltr'>Hom.</span> <span class='ocrx_word' id='word_1_174' title='bbox 431 1789 455 1830; x_wconf 83' lang='lat'>23</span> <span class='ocrx_word' id='word_1_175' title='bbox 470 1784 490 1826; x_wconf 85' lang='lat' dir='ltr'>in</span> <span class='ocrx_word' id='word_1_176' title='bbox 505 1786 584 1840; x_wconf 74' lang='lat' dir='ltr'>Jorae,17</span> <span class='ocrx_word' id='word_1_177' title='bbox 599 1784 624 1827; x_wconf 91' lang='lat' dir='ltr'>de</span> <span class='ocrx_word' id='word_1_178' title='bbox 637 1784 734 1842; x_wconf 88' lang='lat' dir='ltr'>praesidio</span> 
     </span>
     <span class='ocr_line' id='line_1_23' title="bbox 49 1858 734 1922; baseline 0.006 -21"><span class='ocrx_word' id='word_1_179' title='bbox 49 1859 163 1918; x_wconf 86' lang='lat' dir='ltr'>angelorum</span> <span class='ocrx_word' id='word_1_180' title='bbox 172 1858 277 1919; x_wconf 89' lang='lat' dir='ltr'>loquendo,</span> <span class='ocrx_word' id='word_1_181' title='bbox 288 1859 341 1904; x_wconf 90' lang='lat' dir='ltr'>dicit:</span> <span class='ocrx_word' id='word_1_182' title='bbox 355 1861 397 1904; x_wconf 78' lang='lat' dir='ltr'>“vel</span> <span class='ocrx_word' id='word_1_183' title='bbox 407 1868 457 1905; x_wconf 91' lang='lat' dir='ltr'>certe</span> <span class='ocrx_word' id='word_1_184' title='bbox 467 1861 516 1906; x_wconf 88' lang='lat' dir='ltr'>illud</span> <span class='ocrx_word' id='word_1_185' title='bbox 527 1861 580 1922; x_wconf 93' lang='lat' dir='ltr'>quod</span> <span class='ocrx_word' id='word_1_186' title='bbox 591 1877 636 1920; x_wconf 89' lang='lat' dir='ltr'>erga</span> <span class='ocrx_word' id='word_1_187' title='bbox 646 1862 734 1905; x_wconf 91' lang='lat' dir='ltr'>homines</span> 
     </span>
     <span class='ocr_line' id='line_1_24' title="bbox 48 1936 735 2000; baseline 0.006 -21"><span class='ocrx_word' id='word_1_188' title='bbox 48 1937 89 1995; x_wconf 84' lang='lat' dir='ltr'>geri</span> <span class='ocrx_word' id='word_1_189' title='bbox 101 1951 125 1980; x_wconf 82' lang='lat' dir='ltr'>ex</span> <span class='ocrx_word' id='word_1_190' title='bbox 136 1936 237 1997; x_wconf 86' lang='lat' dir='ltr'>Scripturis</span> <span class='ocrx_word' id='word_1_191' title='bbox 248 1951 305 1998; x_wconf 89' lang='lat' dir='ltr'>saepe</span> <span class='ocrx_word' id='word_1_192' title='bbox 316 1937 422 1992; x_wconf 89' lang='lat' dir='ltr'>docuimus,</span> <span class='ocrx_word' id='word_1_193' title='bbox 435 1939 488 1999; x_wconf 94' lang='lat' dir='ltr'>quod</span> <span class='ocrx_word' id='word_1_194' title='bbox 500 1946 519 1983; x_wconf 90' lang='lat' dir='ltr'>et</span> <span class='ocrx_word' id='word_1_195' title='bbox 529 1938 576 1984; x_wconf 90' lang='lat' dir='ltr'>boni</span> <span class='ocrx_word' id='word_1_196' title='bbox 588 1939 653 2000; x_wconf 87' lang='lat' dir='ltr'>angeli</span> <span class='ocrx_word' id='word_1_197' title='bbox 666 1938 735 1983; x_wconf 92' lang='lat' dir='ltr'>adsunt</span> 
     </span>
     <span class='ocr_line' id='line_1_25' title="bbox 50 2014 737 2072; baseline 0.007 -15"><span class='ocrx_word' id='word_1_198' title='bbox 50 2014 160 2059; x_wconf 89' lang='lat' dir='ltr'>hominibus</span> <span class='ocrx_word' id='word_1_199' title='bbox 173 2022 192 2059; x_wconf 89' lang='lat' dir='ltr'>et</span> <span class='ocrx_word' id='word_1_200' title='bbox 204 2017 300 2059; x_wconf 85' lang='lat' dir='ltr'>contrarii.</span> <span class='ocrx_word' id='word_1_201' title='bbox 309 2051 312 2059; x_wconf 95' lang='lat'><em>.</em></span> <span class='ocrx_word' id='word_1_202' title='bbox 322 2051 325 2060; x_wconf 95' lang='lat'>.</span> <span class='ocrx_word' id='word_1_203' title='bbox 335 2051 338 2060; x_wconf 95' lang='lat'><em>.</em></span> <span class='ocrx_word' id='word_1_204' title='bbox 347 2018 357 2031; x_wconf 78' lang='lat'>’¹</span> <span class='ocrx_word' id='word_1_205' title='bbox 372 2017 425 2072; x_wconf 88' lang='lat' dir='ltr'>Quid</span> <span class='ocrx_word' id='word_1_206' title='bbox 438 2017 518 2061; x_wconf 91' lang='lat' dir='ltr'>omnino</span> <span class='ocrx_word' id='word_1_207' title='bbox 532 2018 594 2062; x_wconf 90' lang='lat' dir='ltr'>simile</span> <span class='ocrx_word' id='word_1_208' title='bbox 606 2018 665 2063; x_wconf 89' lang='lat' dir='ltr'>habet</span> <span class='ocrx_word' id='word_1_209' title='bbox 678 2019 737 2062; x_wconf 91' lang='lat' dir='ltr'>etiam</span> 
     </span>
     <span class='ocr_line' id='line_1_26' title="bbox 51 2092 736 2153; baseline 0.007 -21"><span class='ocrx_word' id='word_1_210' title='bbox 51 2092 71 2132; x_wconf 96' lang='lat' dir='ltr'>in</span> <span class='ocrx_word' id='word_1_211' title='bbox 85 2092 229 2134; x_wconf 80' lang='lat' dir='ltr'>Commentario</span> <span class='ocrx_word' id='word_1_212' title='bbox 243 2093 263 2134; x_wconf 85' lang='lat' dir='ltr'>in</span> <span class='ocrx_word' id='word_1_213' title='bbox 277 2094 311 2153; x_wconf 78' lang='lat' dir='ltr'>Ep.</span> <span class='ocrx_word' id='word_1_214' title='bbox 326 2092 352 2135; x_wconf 79' lang='lat' dir='ltr'>ad</span> <span class='ocrx_word' id='word_1_215' title='bbox 364 2095 437 2137; x_wconf 62' lang='lat' dir='ltr'>Romu</span> <span class='ocrx_word' id='word_1_216' title='bbox 451 2094 485 2137; x_wconf 92' lang='lat' dir='ltr'>ubi</span> <span class='ocrx_word' id='word_1_217' title='bbox 499 2094 524 2137; x_wconf 94' lang='lat' dir='ltr'>de</span> <span class='ocrx_word' id='word_1_218' title='bbox 537 2094 647 2137; x_wconf 90' lang='lat' dir='ltr'>discrimine</span> <span class='ocrx_word' id='word_1_219' title='bbox 660 2110 736 2137; x_wconf 91' lang='lat' dir='ltr'>carnem</span> 
     </span>
     <span class='ocr_line' id='line_1_27' title="bbox 51 2168 738 2231; baseline 0.009 -22"><span class='ocrx_word' id='word_1_220' title='bbox 51 2168 100 2211; x_wconf 89' lang='lat' dir='ltr'>inter</span> <span class='ocrx_word' id='word_1_221' title='bbox 111 2176 131 2212; x_wconf 90' lang='lat' dir='ltr'>et</span> <span class='ocrx_word' id='word_1_222' title='bbox 142 2168 231 2228; x_wconf 89' lang='lat' dir='ltr'>spiritum</span> <span class='ocrx_word' id='word_1_223' title='bbox 245 2168 312 2229; x_wconf 85' lang='lat' dir='ltr'>(Rom.</span> <span class='ocrx_word' id='word_1_224' title='bbox 325 2177 337 2214; x_wconf 88' lang='lat'><em>8</em></span> <span class='ocrx_word' id='word_1_225' title='bbox 349 2169 372 2230; x_wconf 81' lang='lat'>9)</span> <span class='ocrx_word' id='word_1_226' title='bbox 388 2170 506 2224; x_wconf 86' lang='lat' dir='ltr'>disserendo,</span> <span class='ocrx_word' id='word_1_227' title='bbox 518 2172 552 2216; x_wconf 91' lang='lat' dir='ltr'>ait:</span> <span class='ocrx_word' id='word_1_228' title='bbox 568 2173 628 2216; x_wconf 81' lang='lat' dir='ltr'>“Sunt</span> <span class='ocrx_word' id='word_1_229' title='bbox 639 2179 738 2231; x_wconf 89' lang='lat' dir='ltr'>praeterea</span> 
     </span>
     <span class='ocr_line' id='line_1_28' title="bbox 54 2243 738 2310; baseline 0.009 -23"><span class='ocrx_word' id='word_1_230' title='bbox 54 2243 113 2303; x_wconf 85' lang='lat' dir='ltr'>(sicut</span> <span class='ocrx_word' id='word_1_231' title='bbox 127 2247 148 2288; x_wconf 91' lang='lat' dir='ltr'>in</span> <span class='ocrx_word' id='word_1_232' title='bbox 162 2246 228 2289; x_wconf 91' lang='lat' dir='ltr'>multis</span> <span class='ocrx_word' id='word_1_233' title='bbox 243 2248 350 2306; x_wconf 88' lang='lat' dir='ltr'>Scripturae</span> <span class='ocrx_word' id='word_1_234' title='bbox 365 2248 412 2291; x_wconf 92' lang='lat' dir='ltr'>locis</span> <span class='ocrx_word' id='word_1_235' title='bbox 426 2249 545 2310; x_wconf 88' lang='lat' dir='ltr'>invenimus)</span> <span class='ocrx_word' id='word_1_236' title='bbox 565 2251 624 2293; x_wconf 91' lang='lat' dir='ltr'>etiam</span> <span class='ocrx_word' id='word_1_237' title='bbox 638 2251 738 2309; x_wconf 88' lang='lat' dir='ltr'>utriusque</span> 
     </span>
     <span class='ocr_line' id='line_1_29' title="bbox 51 2323 737 2387; baseline 0.012 -23"><span class='ocrx_word' id='word_1_238' title='bbox 51 2323 117 2380; x_wconf 86' lang='lat' dir='ltr'>partis,</span> <span class='ocrx_word' id='word_1_239' title='bbox 129 2323 160 2367; x_wconf 89' lang='lat' dir='ltr'>vel</span> <span class='ocrx_word' id='word_1_240' title='bbox 172 2323 272 2384; x_wconf 89' lang='lat' dir='ltr'>utriusque</span> <span class='ocrx_word' id='word_1_241' title='bbox 282 2324 325 2369; x_wconf 87' lang='lat' dir='ltr'>viae</span> <span class='ocrx_word' id='word_1_242' title='bbox 337 2323 422 2369; x_wconf 78' lang='lat' dir='ltr'>fautores</span> <span class='ocrx_word' id='word_1_243' title='bbox 434 2324 514 2386; x_wconf 88' lang='lat' dir='ltr'>quidam</span> <span class='ocrx_word' id='word_1_244' title='bbox 526 2334 545 2371; x_wconf 93' lang='lat' dir='ltr'>et</span> <span class='ocrx_word' id='word_1_245' title='bbox 558 2326 654 2371; x_wconf 90' lang='lat' dir='ltr'>adiutores</span> <span class='ocrx_word' id='word_1_246' title='bbox 667 2328 737 2387; x_wconf 87' lang='lat' dir='ltr'>angeli.</span> 
     </span>
     <span class='ocr_line' id='line_1_30' title="bbox 52 2402 739 2464; baseline 0.009 -20"><span class='ocrx_word' id='word_1_247' title='bbox 52 2402 106 2444; x_wconf 91' lang='lat' dir='ltr'>Nam</span> <span class='ocrx_word' id='word_1_248' title='bbox 119 2403 171 2445; x_wconf 90' lang='lat' dir='ltr'>carni</span> <span class='ocrx_word' id='word_1_249' title='bbox 184 2404 325 2463; x_wconf 89' lang='lat' dir='ltr'>concupiscenti</span> <span class='ocrx_word' id='word_1_250' title='bbox 339 2403 428 2447; x_wconf 88' lang='lat' dir='ltr'>adversus</span> <span class='ocrx_word' id='word_1_251' title='bbox 442 2406 531 2464; x_wconf 86' lang='lat' dir='ltr'>spiritum</span> <span class='ocrx_word' id='word_1_252' title='bbox 544 2405 597 2450; x_wconf 83' lang='lat' dir='ltr'>iavet</span> <span class='ocrx_word' id='word_1_253' title='bbox 611 2406 706 2459; x_wconf 86' lang='lat' dir='ltr'>diabolus,</span> <span class='ocrx_word' id='word_1_254' title='bbox 720 2413 739 2449; x_wconf 90' lang='lat' dir='ltr'>et</span> 
     </span>
     <span class='ocr_line' id='line_1_31' title="bbox 53 2481 739 2542; baseline 0.01 -21"><span class='ocrx_word' id='word_1_255' title='bbox 53 2481 117 2536; x_wconf 88' lang='lat' dir='ltr'>angeli</span> <span class='ocrx_word' id='word_1_256' title='bbox 128 2482 174 2531; x_wconf 88' lang='lat' dir='ltr'>eius,</span> <span class='ocrx_word' id='word_1_257' title='bbox 186 2488 205 2523; x_wconf 90' lang='lat' dir='ltr'>et</span> <span class='ocrx_word' id='word_1_258' title='bbox 215 2495 282 2524; x_wconf 89' lang='lat' dir='ltr'>omnes</span> <span class='ocrx_word' id='word_1_259' title='bbox 294 2482 388 2541; x_wconf 90' lang='lat' dir='ltr'>spiritales</span> <span class='ocrx_word' id='word_1_260' title='bbox 398 2485 495 2542; x_wconf 90' lang='lat' dir='ltr'>nequitiae</span> <span class='ocrx_word' id='word_1_261' title='bbox 506 2486 526 2528; x_wconf 91' lang='lat' dir='ltr'>in</span> <span class='ocrx_word' id='word_1_262' title='bbox 537 2485 657 2537; x_wconf 86' lang='lat' dir='ltr'>coelestibus,</span> <span class='ocrx_word' id='word_1_263' title='bbox 669 2487 739 2528; x_wconf 89' lang='lat' dir='ltr'>cuncti-</span> 
     </span>
    </p>
   </div>
   <div class='ocr_carea' id='block_1_5' title="bbox 52 2573 113 2583">
    <p class='ocr_par' dir='ltr' id='par_1_5' title="bbox 52 2573 113 2583">
     <span class='ocr_line' id='line_1_32' title="bbox 52 2573 113 2583; baseline 0.033 -2"><span class='ocrx_word' id='word_1_264' title='bbox 52 2573 113 2583; x_wconf 33' lang='lat'>*-</span> 
     </span>
    </p>
   </div>
   <div class='ocr_carea' id='block_1_6' title="bbox 95 2623 630 2708">
    <p class='ocr_par' dir='ltr' id='par_1_6' title="bbox 95 2623 630 2708">
     <span class='ocr_line' id='line_1_33' title="bbox 95 2623 459 2665; baseline 0 -8"><span class='ocrx_word' id='word_1_265' title='bbox 95 2629 119 2659; x_wconf 83' lang='lat'>17.</span> <span class='ocrx_word' id='word_1_266' title='bbox 127 2625 173 2658; x_wconf 80' lang='lat' dir='ltr'>Hom.</span> <span class='ocrx_word' id='word_1_267' title='bbox 182 2628 201 2659; x_wconf 80' lang='lat'>23</span> <span class='ocrx_word' id='word_1_268' title='bbox 211 2624 284 2665; x_wconf 75' lang='lat' dir='ltr'>irione,</span> <span class='ocrx_word' id='word_1_269' title='bbox 293 2635 308 2657; x_wconf 90' lang='lat' dir='ltr'>n.</span> <span class='ocrx_word' id='word_1_270' title='bbox 317 2628 325 2659; x_wconf 78' lang='lat'>3</span> <span class='ocrx_word' id='word_1_271' title='bbox 336 2623 376 2664; x_wconf 89' lang='lat' dir='ltr'><strong>(PG.</strong></span> <span class='ocrx_word' id='word_1_272' title='bbox 386 2628 403 2656; x_wconf 80' lang='lat'>12</span> <span class='ocrx_word' id='word_1_273' title='bbox 413 2623 459 2664; x_wconf 81' lang='lat'>937).</span> 
     </span>
     <span class='ocr_line' id='line_1_34' title="bbox 96 2666 630 2708; baseline 0 -7"><span class='ocrx_word' id='word_1_274' title='bbox 96 2672 120 2701; x_wconf 79' lang='lat'>18.</span> <span class='ocrx_word' id='word_1_275' title='bbox 130 2668 212 2700; x_wconf 76' lang='lat' dir='ltr'>Commeat.</span> <span class='ocrx_word' id='word_1_276' title='bbox 222 2667 238 2699; x_wconf 82' lang='lat' dir='ltr'>in</span> <span class='ocrx_word' id='word_1_277' title='bbox 247 2666 402 2708; x_wconf 56' lang='lat' dir='ltr'>flammatu.</span> <span class='ocrx_word' id='word_1_278' title='bbox 413 2671 431 2699; x_wconf 89' lang='lat'>18</span> <span class='ocrx_word' id='word_1_279' title='bbox 444 2666 483 2708; x_wconf 84' lang='lat' dir='ltr'>(PG.</span> <span class='ocrx_word' id='word_1_280' title='bbox 494 2669 513 2700; x_wconf 83' lang='grc'>14</span> <span class='ocrx_word' id='word_1_281' title='bbox 523 2667 569 2708; x_wconf 84' lang='grc'>866).</span> <span class='ocrx_word' id='word_1_282' title='bbox 608 2698 609 2702; x_wconf 75' lang='grc'>,</span> <span class='ocrx_word' id='word_1_283' title='bbox 628 2680 630 2682; x_wconf 94' lang='grc'><strong><em>·</em></strong></span> 
     </span>
    </p>
   </div>
   <div class='ocr_carea' id='block_1_7' title="bbox 0 0 847 3045">
    <p class='ocr_par' dir='ltr' id='par_1_7' title="bbox 0 0 847 3045">
     <span class='ocr_line' id='line_1_35' title="bbox 0 0 847 3045; baseline 0 0"><span class='ocrx_word' id='word_1_284' title='bbox 0 0 847 3045; x_wconf 95' lang='lat' dir='ltr'> </span> 
     </span>
    </p>
   </div>
  </div>
 </body>
</html>
