1633 3045
72 84 94 122 30
271 79 302 117 Da
313 79 442 118 siuauconuu
454 71 557 117 Hominum

72 208 143 252 docuit
158 205 267 251 Deficiente
275 220 321 266 ergo
331 205 394 251 solido
402 205 511 250 traditionis
519 213 640 265 argumento,
648 204 760 249 mirandum

73 290 161 334 nonest,
176 282 191 324 si
205 279 316 324 defensores
330 280 417 324 eiusdem
430 294 545 324 consensum
559 278 704 339 quodammodo
719 280 760 322 uni-

73 355 196 400 versaliorem
207 352 285 399 aliunde
294 361 404 399 construere
413 355 477 399 conati
487 361 537 398 sunt.
548 355 614 409 Quam
623 353 649 398 ob
660 355 760 404 rationem,

73 444 124 472 nunc
131 430 211 472 veniunt
220 426 359 471 consideranda
367 427 463 471 nonnulla
470 427 580 470 testimonia
588 426 661 469 nullius
670 424 760 487 ponderis

74 503 177 555 intrinseci,
192 516 242 560 quae
257 514 317 561 penes
331 516 394 545 unum
409 501 514 546 alterumve
530 506 627 544 auctorem
643 499 702 544 allata
717 514 761 543 con-

74 576 185 635 spiciuntur.

114 663 138 724 9)
156 665 229 723 Itaque,
245 663 363 723 quandoque
377 664 446 707 citatur
460 662 665 707 TESTAMENTUM
682 668 705 705 12
720 662 761 705 PA-

75 736 281 790 TRIARCHARUM
294 735 437 795 ubilegitu124⁰
450 737 579 794 “cognoscite
591 737 655 795 igitur,
668 735 705 779 filii
717 736 761 786 mei,

76 808 129 870 quod
142 810 181 854 duo
194 810 272 870 spiritus
284 819 353 855 vacant
365 812 447 864 homini,
459 812 537 870 spiritus
548 811 639 863 veritatis,
653 818 672 854 et
685 810 763 869 spiritus

76 885 153 938 erroris;
165 891 184 928 et
194 883 269 927 medius
281 892 309 928 est
320 885 397 943 spiritus
407 884 516 929 intellectus
526 885 601 936 mentis,
613 885 666 927 cuius
677 891 711 935 est,
723 898 762 943 quo

76 957 119 1000 vult
128 957 239 1000 inclinare.''

116 1047 165 1090 Non
178 1053 207 1089 est
219 1045 417 1106 praetermittendum,
430 1046 483 1106 quod
497 1046 528 1090 hic
541 1045 595 1099 liber,
609 1047 630 1089 in
643 1060 681 1105 quo
695 1045 764 1089 ultima

77 1118 135 1164 verba
145 1118 248 1163 duodecim
259 1120 410 1179 patriardrarum
420 1119 559 1163 moriturorum
570 1112 589 1163 et
599 1119 650 1163 filios
661 1134 706 1163 suos
717 1119 764 1163 allo·

77 1194 178 1252 quentium
189 1192 308 1245 exhibentur,
322 1194 406 1237 “nullius
418 1195 500 1237 auctoris
510 1194 591 1237 nomine
601 1194 708 1252 inscriptus,
721 1208 764 1252 pro-

78 1264 165 1310 scribitur
174 1265 198 1310 ab
207 1266 303 1319 omnibus,
313 1268 440 1326 asseriturque
449 1282 494 1311 eum
503 1267 606 1326 figmentis,
616 1267 688 1311 fabulis
699 1267 764 1310 errori-

78 1339 152 1399 busque
163 1340 244 1400 plenum
256 1355 303 1392 esse,
315 1348 334 1384 et
347 1342 437 1384 scaturire
449 1341 560 1385 mendaciis.
569 1376 573 1384 .
582 1375 586 1383 .
595 1376 599 1384 .
607 1342 688 1385 Constat
700 1342 765 1400 itaque

78 1427 128 1472 opus
139 1413 189 1456 illud
201 1412 332 1456 adulterinum
343 1427 390 1466 esse,
403 1422 422 1457 et
434 1413 458 1458 ab
470 1416 538 1473 ignoto
550 1421 635 1475 parente,
648 1415 681 1474 qui
693 1429 765 1457 nomen

79 1502 135 1530 suurn
145 1486 201 1531 edere
212 1502 268 1531 ausus
278 1502 319 1531 nou
329 1496 363 1540 est,
373 1490 394 1532 in
403 1489 474 1547 vulgus
484 1487 609 1533 emissum.”41
621 1489 707 1532 Tametsi
718 1490 765 1532 anti-

79 1560 193 1619 quissimum
201 1561 230 1612 sit,
240 1569 298 1619 atque
307 1561 435 1621 proculdubio
444 1562 468 1606 ab
478 1562 543 1622 aliquo
553 1563 662 1605 Christiano
672 1563 766 1622 conscrip-

80 1641 127 1686 tum,
143 1634 198 1677 nulla
212 1635 268 1693 quasi
283 1637 431 1679 auctoritatem
446 1650 467 1680 re
482 1635 591 1695 dogmatica
606 1636 684 1695 gaudet.
699 1637 765 1688 Porro,

80 1713 193 1770 quaestione
207 1710 232 1754 de
246 1711 312 1753 valore
326 1711 386 1769 ipsius
401 1712 491 1770 seposita,
506 1708 569 1753 adhuc
583 1717 641 1753 restat
656 1709 765 1760 dicendum,

80 1784 134 1843 quod
145 1799 181 1844 pro
195 1785 289 1827 sententia
302 1783 415 1826 affirmativa
428 1781 561 1827 confirmanda
573 1798 696 1841 nequaquam
708 1785 767 1826 inser-

80 1859 113 1901 vit.
129 1859 185 1900 Mere
194 1856 246 1899 eninr
253 1857 325 1908 statuit,
334 1857 433 1899 hominem
442 1855 503 1900 libero
512 1854 591 1900 arbitrio
599 1854 709 1916 praeditum
717 1857 767 1898 inter

80 1930 154 1975 bonum
163 1937 182 1974 et
189 1929 263 1974 malum
272 1937 327 1981 stare,
337 1930 385 1973 sicut
393 1928 514 1973 enuntiatum
522 1936 551 1973 est
559 1930 579 1972 in
587 1930 630 1989 ipsa
638 1943 652 1972 s.
661 1930 765 1989 Scriptura:

82 2005 147 2046 “Ante
155 2003 255 2046 hominem
263 2004 303 2046 vita
314 2011 332 2046 et
341 2017 399 2055 mors,
409 2003 483 2048 bonum
493 2011 512 2047 et
521 2004 601 2055 malum,
611 2002 665 2062 quod
675 2003 768 2062 placuerit

82 2079 99 2119 ei
111 2077 187 2121 dabitur
198 2077 239 2119 illi’
254 2076 321 2138 (Eccli.
334 2083 357 2123 15
372 2076 419 2138 18);
431 2077 485 2137 quod
496 2077 613 2137 principium
624 2090 681 2137 saepe
693 2077 768 2137 saepius
780 2133 782 2135 η

82 2152 103 2194 in
112 2151 242 2194 Ecclesiastico
251 2153 372 2209 proponitur,
382 2152 431 2193 sicut
439 2158 458 2193 et
467 2151 487 2193 in
496 2153 526 2193 Ps.
537 2157 561 2197 ὃὸ
572 2157 605 2203 15;
616 2152 640 2197 36
650 2157 680 2196 27.
690 2153 713 2193 Et
721 2153 769 2194 haec

83 2223 191 2267 observatio
205 2222 257 2265 valet
271 2222 338 2266 itidem
351 2222 376 2266 de
388 2224 446 2267 variis
460 2223 574 2268 testimoniis
588 2222 628 2267 iarn
641 2224 706 2267 relatis
721 2225 769 2268 circa

84 2296 181 2356 duplicem
197 2297 255 2348 viam,
270 2297 354 2340 veritatis
370 2310 441 2357 nempe
457 2305 475 2341 et
491 2298 566 2342 erroris.
583 2297 653 2341 Dicere
669 2299 727 2341 etiam
742 2298 769 2342 ita

84 2371 179 2429 explicite,
190 2370 278 2428 spirltum
287 2371 355 2414 erroris
364 2371 439 2414 homini
448 2385 521 2423 vacare,
531 2386 571 2413 non
581 2378 610 2414 est
619 2371 699 2429 singulis
708 2372 770 2415 homi-

82 2443 139 2489 nibus
149 2442 236 2503 singulos
247 2442 351 2488 daemones
361 2445 381 2488 in
392 2445 538 2504 impugnatores
549 2444 647 2489 ascriberet

125 2586 150 2619 40.
161 2585 200 2618 Test.
210 2588 229 2617 12
239 2582 359 2624 patriarcharum,
368 2586 379 2618 4
389 2583 438 2626 (Test.
446 2584 503 2626 judae)
514 2590 533 2620 20
546 2586 585 2626 [PG.
595 2591 604 2618 2
614 2586 670 2626 1082).

125 2629 150 2661 41,
161 2629 181 2661 D.
191 2631 211 2661 Le
219 2629 285 2667 Nouny,
294 2628 383 2669 Dissertatio
391 2628 410 2660 de
418 2628 471 2662 eodem
480 2638 529 2670 opere,
538 2638 557 2669 ap
566 2629 619 2669 Migne
631 2628 670 2669 (Po
681 2633 689 2661 2
700 2627 772 2668 1028-9).
