1633 3045
74 122 96 160 68
274 121 304 158 Dr
316 120 444 158 Smouroxuu
456 120 559 157 Hominum

74 248 158 309 petendo
167 248 249 299 Ostiam,
260 247 342 290 accessio
351 246 377 290 ad
386 262 429 290 eam
438 246 506 290 eadem
514 247 595 289 omnino
604 245 731 305 proportione
740 243 762 288 fit

75 337 97 365 ac
107 321 196 365 discessio
208 322 298 363 aRoma.
310 320 395 364 Cuilibet
406 328 471 363 autern
481 327 541 379 patet,
552 319 669 379 principium
680 317 730 361 illud
741 319 762 361 in

75 396 171 454 praesenti
183 394 264 437 minime
276 408 317 437 esse
330 392 355 437 ad
368 408 415 446 rem,
429 392 512 452 ideoque
525 391 575 436 illud
589 399 724 450 argumentum
738 406 762 434 ex

74 467 157 527 paritate
166 467 246 510 omnino
257 474 286 509 est
296 466 444 526 repudiandum.
726 453 728 458 ,

114 548 303 608 Quomodocumque
315 550 449 593 convenientia
462 565 482 593 se
493 548 563 593 habeat
576 563 600 591 ex
612 556 667 607 parte
679 555 762 607 potesta-

74 623 99 665 tis
111 637 155 665 cum
166 622 255 682 physicae
267 629 309 665 tum
321 623 401 666 moralis
412 624 472 683 ipsius
484 620 563 674 diaboli,
576 629 635 665 restat
647 635 722 681 semper
734 622 762 664 in·

75 710 167 739 concussa
176 693 265 738 absoluta
276 705 295 739 et
304 694 457 747 inconditionata
466 694 567 740 daemonis
577 712 589 739 a
599 697 649 748 Deo,
660 709 696 739 suo
707 695 763 738 Crea-

75 777 122 821 tora,
133 767 268 830 dependentia
285 770 343 814 Nihil
353 783 431 830 prorsus
441 769 515 814 efficere
524 776 588 830 potest
597 770 633 813 iste
643 769 720 829 spiritus
731 783 763 812 ne·

75 856 134 900 quam
148 842 185 885 nisi
199 842 305 885 secundum
318 842 461 902 beneplacitum
475 843 568 886 divinum.
583 844 622 886 Hic
636 843 721 902 praecise
734 850 763 886 est

75 929 127 966 crux,
138 914 211 958 nedum
222 915 279 958 huius
290 916 410 975 particularis
421 917 545 977 quaestionis,
555 931 623 960 verum
635 917 693 959 etiam
703 917 763 959 totius

76 995 167 1032 tractatus
181 987 206 1031 de
218 987 342 1033 infestatione
355 989 451 1034 diabolica
464 992 544 1051 eiusque
556 992 636 1043 ratione,
649 991 763 1043 intentione,

76 1062 193 1113 extensione,
202 1068 246 1114 etc.;
255 1076 279 1105 en
287 1076 346 1121 quare
354 1065 451 1107 retroactis
460 1063 579 1123 temporibus
586 1072 627 1108 tam
634 1062 705 1108 diffuse
712 1077 763 1122 gras·

77 1141 150 1177 saretur
163 1133 326 1178 daemonomania
339 1134 429 1189 fanatica,
444 1139 480 1189 cui,
495 1136 660 1197 quemadmodum
675 1137 763 1189 Moloch,

76 1212 221 1253 innumerorum
230 1210 362 1253 innocentium
370 1212 411 1253 vita
420 1209 524 1254 sacrificata
533 1218 570 1263 est3
580 1212 638 1254 nimis
647 1210 720 1255 diaboii
730 1224 763 1269 po·

76 1291 134 1327 testas
143 1283 221 1344 physica
230 1282 364 1336 extollebatur,
375 1283 427 1337 dum,
438 1299 462 1328 ex
471 1284 532 1328 altera
541 1290 601 1344 parte,
611 1285 668 1328 nimis
678 1283 763 1343 neglige-

75 1357 131 1401 batur
141 1358 190 1400 ratio
201 1356 278 1400 divinae
288 1357 427 1416 providentiae,
438 1358 535 1410 bonitatis,
547 1366 566 1402 et
575 1357 723 1401 misericordiae.
740 1360 764 1401 Et

77 1437 142 1474 tamen
157 1444 181 1474 ex
195 1430 233 1473 hoc
246 1431 350 1491 praecipue
364 1429 420 1475 tonte
435 1439 463 1475 est
479 1430 594 1492 inquirenda
609 1430 704 1476 eiusmodi
720 1446 764 1476 con·

76 1505 173 1548 venientia
185 1518 218 1547 seu
228 1506 410 1564 non-repugnantia.

305 1667 331 1709 II.
342 1666 379 1708 EX
389 1663 478 1707 PARTE
488 1664 537 1706 DEI

115 1816 187 1858 Actum
196 1814 236 1856 iam
245 1819 273 1856 est
281 1811 306 1855 de
314 1811 441 1871 possibilitate
450 1810 528 1870 physica
537 1809 668 1870 deputationis
677 1825 701 1853 ex
710 1816 764 1869 parte

77 1888 201 1939 daemonum,
214 1900 289 1929 necnon
303 1884 328 1927 de
340 1883 419 1928 diabolo
432 1892 532 1943 tamquam
545 1882 630 1926 eiusdem
644 1897 701 1926 causa
714 1883 765 1943 prin·

77 1962 141 2022 cipali.
156 1963 240 2019 Oportet
248 1974 299 2003 nunc
307 1958 332 2002 de
340 1959 428 2018 potentia
436 1960 525 2018 proxima
533 1958 631 2010 disserere,
641 1972 691 2017 quae
699 1959 765 2001 omnia

78 2035 169 2093 requisita
182 2033 207 2076 ad
220 2032 318 2090 agendum
330 2031 418 2083 includit,
432 2040 451 2074 et
464 2033 489 2074 sic
502 2032 589 2090 quaestio
602 2030 627 2074 ad
640 2031 764 2074 POTESTA-

77 2108 134 2150 TEM
142 2106 277 2150 MORALEM
286 2121 309 2148 ex
317 2105 362 2148 Deo
370 2104 502 2148 dimanantem
510 2104 611 2148 reducitur.
627 2104 765 2148 sciscitandum

77 2181 136 2238 igitur
147 2187 181 2230 est,
192 2186 257 2221 utrum
267 2179 322 2220 Deus
332 2192 378 2220 vera
389 2191 446 2220 causa
456 2178 568 2237 principalis
579 2177 674 2220 eiusmodi
685 2178 765 2237 deputa-

78 2257 137 2300 tionis
150 2256 187 2299 dici
200 2256 267 2315 possit,
280 2256 307 2298 ita
319 2255 411 2298 nimirum
423 2262 450 2308 ut,
464 2256 512 2299 sicut
526 2269 560 2315 per
573 2256 676 2315 positivam
689 2254 765 2298 ordina-

78 2337 151 2378 tionem
162 2333 273 2377 hominibus
285 2334 364 2392 angelos
376 2334 465 2377 custodes
476 2336 567 2393 assignat,
579 2334 651 2394 pariter
662 2335 774 2394 unicuique

78 2414 179 2473 proprium
187 2410 302 2455 daemonem
310 2411 492 2472 quomodocumque
501 2411 587 2464 ascribat,
597 2427 621 2456 an
630 2414 694 2473 potius
703 2412 765 2457 dicen·

78 2491 125 2535 dum
137 2492 167 2543 sit,
179 2490 246 2533 Deum
257 2488 357 2533 dumtaxat
369 2491 485 2550 permittere,
496 2498 518 2534 ut
530 2490 602 2549 singuli
615 2490 719 2535 daemones
731 2492 765 2535 im-

77 2576 196 2629 pugnatores
205 2566 229 2611 ab
239 2582 305 2610 eorum
315 2569 377 2628 capite
387 2569 513 2626 assignentur.
524 2569 605 2621 Etenim,
616 2569 641 2613 ad
651 2571 766 2613 sententiam

78 2646 212 2690 affirmativam
230 2645 399 2704 propugnandam,
417 2661 517 2690 necessum
534 2654 563 2690 est
581 2662 641 2691 unum
659 2648 765 2692 alterumve
