1633 3045
73 106 95 138 10
267 101 298 137 Du
308 100 410 137 Daauoua
420 100 562 137 Iunuouasour

72 228 160 285 attingat,
171 225 192 269 id
203 227 307 286 permittat,
318 227 386 269 Restat
397 239 444 284 ergo
455 240 479 268 ex
490 238 584 268 consensu
596 223 759 284 interpretationis

72 298 207 352 traditionalis,
221 300 239 343 S.
253 299 336 353 Paulum
350 314 374 343 ex
387 297 472 360 quadam
485 298 587 342 afflictione
601 296 692 342 dolorosa
705 295 758 342 labo-

72 388 129 427 rasse,
141 387 201 434 quam
212 371 313 431 figurative
327 371 419 431 angelum
431 373 586 423 Satanaevocat,
599 370 759 430 ideoqueconse·

73 454 153 506 quenter
160 445 215 488 nullo
223 444 283 489 modo
292 444 362 490 exinde
369 451 433 506 potest
440 444 536 497 concludi,
544 443 663 504 Apostolum
669 442 759 488 habuisse

73 518 109 564 sibi
117 519 232 580 deputatum
240 517 356 562 daemonem
364 517 450 579 aliquem
457 515 585 580 personalem,
594 518 628 578 qui
637 519 702 578 ipsum
710 517 760 561 cola-

73 594 165 653 phizaret‚
179 593 217 636 “ne
229 591 345 651 magnitudo
358 592 499 636 revelationum
512 592 605 640 extollat”
620 605 670 644 euin,
684 598 706 635 ut
718 592 760 652 ipse

74 666 144 711 eodem
154 667 197 711 loco
209 665 299 725 explicat.
320 702 322 704 .

113 740 206 799 inspectis
217 738 300 784 textibus
311 738 351 783 illis
362 740 427 799 paucis
439 739 502 783 allatis
514 753 619 798 eorunque
631 752 688 782 sensu
698 738 761 796 magis

74 811 132 856 obvio
147 819 166 856 et
180 812 264 855 naturali
278 813 373 872 exposito,
387 814 429 856 iure
442 813 551 873 meritoque
565 811 762 857 CONCLUDmJR

75 901 119 930 cum
130 886 299 939 GAZZANIGA,
312 885 365 947 quod
377 886 483 930 sententiae
495 885 620 930 affirmativae
632 885 709 947 patroni
722 884 762 929 ‘'ia-

76 960 112 1004 teri
127 967 228 1020 coguntur,
243 974 263 1004 se
278 961 383 1020 perspicuis
398 974 444 1005 sacr.
461 961 577 1004 Litterarum
591 961 706 1006 testimoniis
722 974 762 1003 esse

76 1032 186 1086 destitutos3
199 1047 250 1092 quae
262 1035 314 1077 enim
326 1032 391 1077 afferri
403 1041 490 1093 possunt,
503 1032 586 1093 probant
599 1033 706 1085 dumtaxat,
719 1032 762 1077 dae·

75 1121 143 1151 mones
152 1120 188 1167 pro
198 1121 233 1150 sua
241 1106 316 1149 malitia
324 1105 435 1158 hominibus
444 1115 538 1167 perpetuo
547 1106 640 1159 insidiari,
649 1121 690 1149 non
699 1113 764 1151 autern

75 1179 180 1239 unicuique
186 1179 288 1220 hominurn
296 1179 380 1238 aliquem
387 1177 510 1223 individuum
518 1180 608 1223 comitem
615 1179 682 1222 adesse
689 1179 764 1223 malum

78 1252 175 1312 angelum,
190 1257 223 1296 aut
237 1252 352 1311 genium.’'¹²
366 1252 385 1296 Si
400 1258 466 1296 autem
480 1252 505 1297 ad
519 1254 577 1297 istam
591 1254 706 1298 sententiam
720 1266 764 1297 con·

77 1325 193 1370 firmandam
204 1325 312 1369 sufficerent
323 1333 386 1370 textus
398 1340 412 1370 s.
425 1327 533 1386 Scripturae
544 1326 569 1371 de
580 1326 699 1371 daemonum
709 1326 764 1372 mali·

78 1400 104 1442 tia
116 1398 230 1458 generaliter
242 1400 291 1442 inter
302 1399 392 1443 homines
403 1400 504 1459 explicata,
516 1408 557 1445 tam
568 1399 689 1445 abundanter
700 1399 765 1445 afferri

77 1480 161 1533 possent,
173 1479 195 1518 ut
204 1474 263 1517 thesis
273 1474 310 1518 ista
320 1487 360 1518 uno
370 1473 421 1518 saltu
431 1472 456 1519 de
465 1472 505 1532 fide
515 1473 632 1519 declaranda
641 1482 696 1519 esset.
714 1476 765 1518 Cum

79 1560 124 1589 vero
137 1560 166 1589 res
178 1547 206 1589 ita
218 1559 258 1588 non
270 1546 300 1598 sit,
313 1546 416 1590 fatendum
428 1554 462 1598 est,
476 1546 538 1589 solam
549 1548 602 1592 viam
615 1547 640 1590 ad
652 1548 765 1607 opinionem

79 1617 213 1662 affirmativam
225 1616 345 1662 fulciendam
356 1618 443 1662 relictam
455 1634 498 1663 eam
510 1633 556 1671 esse,
569 1635 619 1679 quae
630 1622 651 1662 in
662 1619 766 1664 traditione

78 1690 173 1735 Ecclesiae
185 1690 272 1744 habetur,
285 1690 381 1752 adquam
393 1692 451 1750 igitur
463 1691 598 1752 exponendam
610 1692 704 1737 incumbit
715 1708 766 1738 nunc

79 1779 129 1824 opus
142 1773 230 1809 nostrum
243 1778 319 1809 navare.

80 1866 141 1874 --·—

122 1910 145 1940 12.
155 1907 245 1947 Gazzaniga,
256 1905 303 1940 Praei.
313 1904 371 1945 Theoi„
381 1908 403 1941 IV
413 1907 449 1941 diss.
461 1912 468 1941 1
480 1918 492 1941 c.
504 1911 548 1943 1911.
559 1911 594 1944 299.
