1657 3045
274 107 375 144 Dnnnoua
389 107 544 144 Innuuunronn·
724 105 746 141 79

59 240 112 282 tione
129 243 252 296 peccatorum
269 235 395 294 repetitorum
412 231 482 278 adsunt
497 230 575 276 habitus
591 230 662 281 vitiosi,
679 235 747 289 utpote

59 318 154 372 quantum
163 310 207 370 plus
217 310 248 352 isti
258 315 343 369 peccant,
353 314 429 351 tantum
438 307 483 367 plus
493 306 518 351 ad
527 303 647 366 peccandum
656 303 747 346 inclinen-

60 392 98 437 tur;
109 384 215 428 resistentia
225 390 290 427 autem
299 383 320 424 in
329 382 356 424 eis
364 381 446 424 minima
454 389 488 434 est,
498 382 525 424 ita
534 387 556 423 ut
565 379 635 423 tentari
645 378 669 421 sit
678 379 748 420 iterum

59 471 144 517 peccare.
160 459 239 512 Quanta
248 457 273 499 sit
280 456 357 499 miseria
366 455 468 498 hominum
476 453 558 497 vinculis
567 453 641 513 peccati
649 450 748 494 obstricto-

38 524 39 527 *
61 546 104 575 rum
116 528 249 589 maximopere
262 536 342 589 apparet
355 528 376 571 in
387 527 469 571 materia
480 542 570 580 venerea;
585 533 604 570 et
617 525 672 585 peior
686 523 749 567 adhuc

60 612 89 648 est
97 602 184 648 conditio
193 602 307 655 infidelium,
317 603 351 662 qui
360 602 443 654 auxiliis,
452 617 502 660 quae
511 600 601 645 fidelibus
610 605 687 660 praesto
698 605 748 648 sunt,

61 677 167 737 privantur.
181 678 211 721 Re
224 676 303 737 quidem
317 690 368 729 vera,
384 676 429 719 satis
444 690 540 735 superque
553 682 587 727 est,
602 673 644 717 sola
658 687 715 716 carne
725 678 749 714 et

62 750 136 794 mundo
150 751 228 802 tentari;
242 766 267 794 ne
280 749 357 793 accedat
370 749 433 793 adhuc
447 747 542 800 diabolus,
556 749 618 791 socius
631 745 716 806 perfidus
730 752 750 788 et

61 823 108 867 mali
118 822 236 867 sollicitator.
246 824 284 866 His
292 821 382 866 omnibus
392 821 525 880 consideratis
532 835 598 863 revera
606 820 689 863 nimium
697 818 749 861 vide-

62 905 97 941 tur¹
103 896 180 941 divinae
189 896 272 941 bonitati
281 904 300 940 et
309 893 451 945 misericordiae
461 893 561 953 refragari,
572 901 593 938 ut
603 893 707 953 unicuique
715 893 749 937 ho-

61 972 110 1014 mini
121 970 240 1014 malevolum
253 969 369 1014 daemonem
380 969 511 1013 indesinenter
523 969 610 1012 assistere
622 969 726 1028 permittat,
739 982 750 1010 a

62 1059 102 1105 quo
118 1045 242 1104 impugnetur
259 1052 277 1088 et
294 1043 319 1088 ad
335 1051 435 1104 peccatum
450 1043 576 1103 propellatur.
594 1040 679 1095 Accedit,
696 1039 750 1101 quod

63 1119 118 1161 Deus
133 1131 168 1176 per
183 1117 263 1175 angelos
279 1117 370 1161 tutelares
386 1117 410 1160 de
426 1116 478 1169 iacto
494 1116 598 1159 daemones
614 1117 750 1174 inpugnantes

63 1204 120 1249 saepe
131 1189 239 1250 propulsat.

102 1263 199 1323 Denique,
209 1270 238 1305 est
247 1271 266 1306 et
276 1262 330 1306 aliud
340 1263 374 1307 sub
384 1264 421 1306 hoc
431 1264 493 1323 capite
502 1261 670 1306 considerandum.
680 1264 709 1305 Ex
719 1259 750 1304 ad-

63 1337 121 1381 missa
133 1337 228 1381 sententia
239 1336 264 1380 de
275 1336 402 1382 daemonibus
414 1337 495 1396 singulis
506 1335 618 1381 hominibus
629 1336 751 1395 singulariter

63 1408 181 1462 vacantibus,
193 1411 346 1453 TETERRIMA
358 1411 568 1465 CONSEQUENTIA
580 1410 751 1454 DIMANARET.

63 1482 147 1527 Videtur
157 1484 210 1527 enim
219 1485 279 1544 sequi,
291 1482 391 1529 diabolum
403 1499 443 1529 sese
454 1486 474 1528 in
484 1498 552 1537 omnes
563 1485 679 1528 tentationes
690 1484 752 1527 immi-

65 1557 117 1609 sceri,
131 1557 168 1600 nisi
182 1558 224 1616 quis
238 1557 354 1601 contendere
367 1558 419 1611 velit,
434 1558 580 1618 deputationem
593 1559 650 1601 istam
663 1558 752 1601 inutilem

65 1644 111 1682 esse,
123 1630 170 1673 sicut
181 1644 239 1689 supra
250 1629 322 1674 dictum
333 1638 367 1675 est.
379 1632 493 1676 TANNER
504 1632 591 1684 autem‚³²
603 1633 636 1691 qui
647 1633 697 1675 hanc
708 1646 752 1674 con-

44 1759 46 1762 ,
65 1708 168 1750 nexionem
182 1708 285 1766 perspexit,
300 1713 355 1749 notat
369 1706 428 1765 quod,
440 1705 527 1749 admissa
542 1706 577 1748 tali
592 1704 710 1748 daemonum
725 1719 752 1747 as-

66 1781 180 1839 signatione,
193 1780 282 1823 “interim
293 1793 370 1823 necesse
381 1794 422 1821 non
434 1780 463 1830 sit,
476 1787 497 1822 ut
509 1778 576 1822 omnia
587 1786 665 1837 peccata
677 1794 701 1821 ex
713 1777 752 1821 dia-

64 1853 106 1897 boli
114 1853 205 1896 instinctu
213 1852 393 1911 proficiscantur.”³³
403 1854 460 1896 Certe
468 1868 508 1896 non
517 1860 546 1895 est
555 1851 689 1903 dubitandum,
699 1851 753 1911 quod

66 1925 150 1969 daemon
163 1926 204 1978 iste,
218 1926 234 1969 si
248 1923 361 1969 facultatem
374 1924 469 1969 moralem
482 1923 566 1978 haberet,
581 1940 616 1985 pro
631 1939 666 1968 sua
678 1924 753 1969 malitia

66 2013 144 2042 omnem
155 1999 251 2058 exciperet
261 2000 381 2042 occasionem
392 1999 416 2043 ad
427 2000 527 2043 hominem
538 1998 573 2043 sibi
584 2000 664 2043 ascitum
676 1999 700 2043 ad
711 2014 753 2059 pec·

65 2078 130 2115 catum
141 2070 278 2116 inducendum.
291 2071 395 2116 lndubium
407 2074 486 2131 insuper
497 2080 531 2124 est,
544 2071 597 2131 quod
609 2073 646 2131 ipsi
658 2073 753 2124 homines,

66 2144 119 2188 haud
134 2144 263 2189 cunctabundi
278 2152 342 2188 essent
357 2145 382 2189 acl
397 2160 465 2188 omnes
480 2147 596 2190 tentationes
612 2161 647 2189 suo
663 2146 754 2189 daemoni

67 2219 119 2261 socio
127 2217 254 2270 ascribendas,
263 2219 290 2261 ita
300 2225 321 2261 ut
330 2217 419 2263 diabolus
428 2234 494 2263 revera
503 2221 594 2278 conqueri
604 2227 674 2279 posset,
685 2220 734 2263 sicut
743 2235 754 2262 a

67 2293 84 2335 S.
94 2289 220 2335 Athanasio34
230 2290 290 2335 fertur
300 2291 325 2335 de
334 2294 434 2336 monachis
444 2292 515 2337 dixisse
525 2294 542 2337 S.
552 2294 647 2338 Antonio:
661 2294 713 2338 “Cur
722 2308 754 2338 me

67 2365 117 2409 falso
129 2373 219 2409 accusant
228 2366 318 2409 monachi
330 2373 348 2409 et
355 2365 427 2410 'omnes
438 2367 471 2410 alii
482 2368 596 2412 Christiani?
608 2369 647 2411 Cur
658 2382 691 2412 me
701 2369 754 2412 horis

109 2497 132 2528 32.
143 2491 249 2535 Supplement,
262 2493 300 2535 disp.
313 2497 320 2528 ὅ
332 2491 429 2535 deligatis,
441 2506 456 2527 n.
468 2499 513 2536 5712.
525 2495 560 2528 240.

108 2537 202 2571 sartorum
215 2541 241 2574 est,
255 2542 290 2576 post
303 2537 323 2568 D.
336 2536 410 2569 Thomam
424 2537 469 2577 longe
483 2538 576 2570 communius
590 2538 644 2577 doceri,
659 2549 690 2571 non
703 2550 754 2571 omnes

68 2579 156 2611 tentationes
167 2583 303 2619 consequenterque
314 2578 364 2611 omnia
375 2584 434 2619 peccata
446 2590 454 2611 a
466 2579 527 2613 diabolo
538 2581 606 2620 proxime
614 2582 699 2621 provenire,
712 2583 756 2614 etiam

68 2621 81 2653 si
92 2620 111 2652 de
122 2621 156 2660 ipso
166 2619 207 2653 facto
217 2621 292 2661 loquatur.

109 2663 133 2698 34.
145 2658 180 2697 Vita
189 2664 204 2696 S.
215 2663 283 2702 Antonii,
294 2675 309 2696 n,
320 2663 338 2695 41
353 2662 393 2703 (ΡΘ
405 2665 424 2696 26
434 2663 481 2704 903).
