1633 3045
81 123 103 163 36
280 122 310 158 Da
322 122 450 159 Srrvootouurr
462 121 565 158 Homrvurr

80 257 99 292 et
106 251 211 300 Romanos,
221 248 268 290 sicut
277 255 296 290 et
303 255 371 306 postea
380 247 432 306 apud
441 248 614 297 Mahumetanos‚³³
624 246 702 289 traditio
710 260 767 304 quae-

81 322 126 366 dam
135 322 219 367 extitisse
229 320 308 373 dicatur,
319 320 424 365 secundum
433 336 492 381 quarn
501 320 605 381 unicuique
613 320 688 363 homini
698 318 767 363 adhae-

81 404 130 440 reret
137 397 225 455 geminus
233 397 308 453 genius,
315 396 378 440 bonus
386 396 476 439 videlicet
483 403 502 439 et
510 393 595 438 malost*
610 395 695 439 Labente
703 402 768 437 autem

81 471 195 529 antiquitate
203 470 309 513 maximam
317 470 426 513 invenimus
437 469 568 513 evolutionem
577 467 705 511 daemonismi
716 467 767 528 apud

82 543 189 595 Graecos,55
202 543 314 601 praesertim
328 543 378 587 inter
390 543 505 595 Platonicos,
519 556 602 602 quorum
615 541 768 586 elucubrationes

82 616 177 659 influxum
187 630 227 662 non
237 629 319 675 parvum
330 617 350 659 in
361 617 461 676 scriptores
472 615 609 661 ecclesiasticos
619 615 722 675 praecipue
732 615 768 657 ori-

82 689 154 734 entales
165 690 277 742 exercuisse,
288 689 341 734 haud
351 689 427 734 videtur
437 688 571 749 regnarunt
582 691 626 749 lpse
638 696 703 733 autern
713 688 768 732 Plato

82 764 159 807 admisit
170 763 293 808 solummodo
304 765 382 824 spiritus
392 764 453 810 bonos
464 766 565 808 hominum
575 763 670 808 custodes.

123 834 199 892 Quodsi
214 835 258 879 talis
273 836 351 880 traditio
367 851 434 897 reapse
449 835 569 880 admittenda
584 837 613 889 sit,
629 835 694 895 quoad
709 836 769 896 ipsius

82 910 169 953 valorem
182 924 275 967 exurgere
287 919 351 969 potest
364 910 430 969 aliqua
441 897 550 954 difficultas.
569 911 677 962 Enimvero,
690 909 769 968 quando

84 989 112 1025 est
129 996 192 1026 sermo
209 982 234 1026 de
250 982 337 1026 doctrina
353 984 402 1026 circa
419 983 515 1028 bonorum
532 983 645 1042 angelorum
662 982 769 1026 custodiam

83 1054 221 1106 confirmanda,
233 1055 301 1098 eadem
311 1056 414 1112 gentilium
425 1055 503 1098 traditio
515 1058 535 1098 in
547 1063 682 1114 argumentum
693 1054 770 1098 adduci-

83 1133 120 1170 tur.
131 1127 150 1170 Si
160 1134 225 1170 autem
235 1128 255 1170 in
265 1129 301 1170 hac
311 1135 366 1187 parte
374 1128 430 1171 valor
441 1128 510 1188 aliquis
520 1130 538 1172 ei
549 1127 649 1180 addicitur,
660 1143 719 1188 quare
730 1144 770 1171 non

83 1200 160 1257 pariter,
174 1199 252 1257 quando
265 1199 290 1243 de
302 1200 355 1243 malo
368 1203 425 1259 genio
438 1204 537 1244 movetur?
550 1204 649 1253 Attamen,
663 1216 692 1244 res
706 1203 770 1245 statim

82 1285 144 1293 ——-.

126 1324 149 1356 53.
161 1318 248 1353 “Tradition
259 1316 335 1351 attributes
346 1323 362 1350 to
372 1317 470 1350 Mohammed
481 1318 506 1350 the
517 1324 594 1351 statement
605 1318 636 1350 that
647 1329 689 1360 every
699 1329 734 1351 roan
745 1318 771 1350 has

85 1374 104 1395 an
113 1363 156 1403 angel
165 1361 194 1395 and
203 1373 212 1393 a
221 1360 275 1393 demon
284 1360 365 1400 appointed
375 1365 390 1392 to
400 1360 450 1392 attend
459 1361 496 1392 him.
505 1361 538 1392 The
547 1360 603 1393 former
611 1360 664 1400 guides
674 1362 705 1393 him
715 1360 771 1393 toward

84 1404 163 1446 goodness,
174 1404 220 1436 while
231 1403 255 1435 the
266 1403 309 1435 latter
319 1401 360 1435 leads
371 1402 403 1434 him
414 1408 430 1435 to
441 1403 470 1435 evil
484 1400 563 1443 (Mislkar,
575 1404 585 1435 i.
597 1402 620 1436 ch.
631 1402 662 1442 3)¹'
673 1400 705 1436 Tho
715 1401 772 1444 lewisio

84 1446 196 1487 Eracaclopedio,
205 1447 227 1478 tv
239 1445 287 1485 (New
294 1443 337 1478 York
346 1444 375 1477 and
384 1444 447 1477 London
457 1445 504 1486 1903)
517 1450 551 1480 521.
561 1446 614 1477 ''Nach
623 1446 671 1478 einem
679 1444 721 1479 ladit
732 1445 772 1487 (ver-

84 1490 138 1522 mittelt
145 1502 176 1523 von
184 1487 210 1521 ibn
218 1487 287 1527 Mas'ud)
299 1489 327 1521 soll
336 1487 362 1520 der
367 1488 432 1527 Prophet
436 1487 534 1521 Mohammed
542 1494 593 1529 gesagt
600 1488 653 1521 haben:
664 1489 720 1529 ‘Jedem
728 1491 770 1522 Men·

85 1533 129 1564 schen
139 1532 158 1564 ist
167 1531 192 1564 ein
201 1530 247 1570 Engel
257 1529 288 1562 und
298 1530 322 1562 ein
331 1530 393 1561 Da'mon
401 1528 501 1570 heigegeben!
511 1528 559 1563 Selbst
569 1530 595 1562 der
604 1530 669 1570 Prophet
679 1531 718 1564 hatte
728 1531 772 1564 einen

84 1574 125 1615 girat,
135 1574 161 1606 der
170 1573 197 1606 ihn
205 1577 239 1605 stets
248 1571 326 1613 verfolgte,
336 1570 370 1604 aber
379 1571 457 1613 angeblich
466 1572 512 1605 durch
521 1573 574 1606 Gottes
584 1573 624 1606 Giite
633 1584 667 1606 zum
676 1573 721 1607 Istam
729 1572 771 1606 ilber-

85 1622 117 1656 trat,
129 1616 160 1648 und
170 1626 200 1647 von
211 1626 242 1647 nun
253 1626 272 1647 an
283 1614 311 1646 den
322 1615 406 1655 Propheten
417 1615 482 1653 huteress'
494 1620 535 1647 notat
545 1614 599 1648 Tauhk
609 1617 669 1649 Canaan
683 1616 718 1657 (Dr.
729 1616 771 1650 Med.

86 1659 182 1698 Jerusalem),
193 1656 327 1696 Dirnonenglauhe
337 1658 359 1688 im
369 1656 419 1689 Laride
429 1656 456 1689 do
465 1655 512 1695 Bibel,
523 1658 584 1698 Leipzig
596 1662 639 1696 1929,
650 1668 665 1697 p.
677 1663 690 1693 3.
735 1691 738 1693 ,

127 1701 151 1735 st.
160 1703 188 1733 Pro
197 1700 225 1732 hoc
234 1698 322 1738 referuntur,
329 1710 344 1730 v.
349 1709 369 1740 g,
378 1700 452 1739 Orpheus,
462 1699 563 1739 Empedocles,
572 1701 635 1740 Servius,
645 1701 736 1740 Plutarchus,
746 1706 772 1734 etc.

86 1743 117 1777 Ctr.
127 1742 229 1776 Alexandrum
238 1741 257 1775 ab
266 1741 357 1781 Alexandro,
367 1740 437 1775 Genialor
447 1742 484 1775 Dies
496 1741 602 1783 (Francoiurti
612 1753 636 1784 ap.
645 1743 663 1776 C.
672 1744 749 1776 Marnium
759 1749 773 1776 et

86 1788 108 1819 lo.
119 1785 198 1823 Aubrium,
211 1784 258 1824 1591)
272 1785 282 1817 6
292 1794 304 1817 c.
315 1786 325 1817 4
336 1794 351 1824 p.
364 1788 397 1822 325.
409 1791 423 1817 et
434 1786 477 1818 Laut.
488 1786 562 1825 Jmssens,
572 1787 633 1818 Samarra
644 1784 738 1827 theologica,
750 1787 772 1818 Vl

85 1827 104 1859 de
113 1827 176 1867 Angelis
188 1825 264 1866 (Friburgi
274 1827 291 1858 B.
303 1826 350 1865 1905)
363 1830 398 1861 978.

128 1873 151 1904 55.
161 1871 214 1902 Suarez
225 1867 243 1908 (8
253 1872 270 1901 21
282 1871 308 1907 303
318 1878 333 1909 p.
344 1867 399 1907 1097),
407 1867 472 1901 volendo
481 1869 569 1901 sententiam
578 1867 680 1902 affirmativam
689 1870 729 1911 apud
738 1870 773 1902 Ter·

86 1912 166 1944 tullianum
176 1911 246 1950 invenire,
256 1909 301 1943 refert
309 1911 354 1943 huius
362 1909 407 1944 verba
416 1913 432 1944 in
441 1921 453 1944 c.
464 1916 483 1948 39
491 1910 511 1944 de
519 1911 575 1944 Anima
586 1912 622 1953 (PL.
633 1916 641 1944 2
651 1912 697 1952 118),
707 1912 733 1946 uhi
743 1914 773 1954 agit

87 1955 105 1987 cle
115 1955 215 1995 assignatione
226 1953 287 1986 deorum
298 1953 338 1994 apud
347 1954 415 1994 gentiles.
426 1955 468 1986 Dicit
478 1954 585 1987 Tertullianus:
598 1956 632 1987 “Sic
643 1956 689 1995 igitur
699 1961 714 1988 et
724 1957 773 1988 Socra-

87 2003 117 2030 tem
124 2007 187 2037 puerum
195 1996 243 2029 adhuc
251 1997 311 2036 spiritus
319 1995 422 2029 daemoniacus
430 1996 492 2029 invenit.
500 1998 524 2029 Sic
532 2002 546 2029 et
553 1995 622 2030 omnibus
630 1999 670 2038 genii
680 1997 773 2038 deputantur,

87 2039 128 2080 quod
140 2039 296 2072 daemonum'nomen
309 2039 344 2070 est.''
358 2040 379 2071 Ut
392 2044 436 2079 patet,
450 2040 491 2072 iuxta
504 2039 614 2072 Tertullianum
626 2041 691 2073 Socrates
705 2041 774 2081 spiritum

87 2083 144 2114 malum
155 2080 214 2119 habuit;
226 2092 256 2121 quo
267 2080 313 2113 modo
325 2086 339 2113 et
350 2082 404 2113 Suarez
415 2080 474 2114 videtur
485 2092 517 2114 rem
528 2082 616 2123 intelligere.
627 2084 687 2122 Revera,
701 2083 729 2117 ude
740 2083 774 2117 dae·

87 2124 138 2157 monio
150 2125 212 2157 Socratis
223 2124 270 2156 multa
281 2124 297 2155 in
309 2129 386 2164 utramque
397 2124 454 2164 partem
465 2124 540 2164 disputata
552 2130 586 2157 sunt
598 2126 638 2157 omni
650 2137 691 2159 aevo.
703 2127 773 2165 Socrates,

88 2177 126 2199 ...a
139 2168 155 2198 vi
169 2165 233 2206 quadam
246 2165 286 2197 haud
300 2165 391 2207 aspectabili,
404 2165 445 2207 quod
458 2169 530 2200 ῡιιιμῦγιον
550 2165 593 2206 dixit,
607 2177 623 2200 se
636 2169 697 2207 moveri,
711 2170 773 2208 moneri,

87 2210 128 2250 pelli,
143 2210 185 2246 trahi,
200 2207 218 2240 ab
231 2209 270 2240 vitae
284 2208 393 2242 discriminibus
407 2211 477 2248 revocari,
492 2214 506 2242 et
520 2208 597 2242 accedente
611 2209 698 2251 disciplinae
712 2212 773 2244 alumno

87 2252 142 2291 doceri,
154 2250 191 2292 quid
203 2250 222 2282 de
234 2261 252 2282 eo
265 2250 373 2291 expectandum
385 2251 408 2290 sit,
421 2250 440 2283 de
453 2252 528 2284 actionum
540 2262 600 2284 suarum
613 2259 670 2292 eventu,
682 2265 713 2286 non
725 2265 773 2286 neces·

88 2296 131 2333 sario,
144 2294 170 2327 sed
182 2293 227 2333 plane
239 2292 306 2333 fortuito,
319 2294 396 2326 certiorem
408 2293 444 2333 fieri,
457 2306 488 2327 non
500 2306 530 2327 una
541 2295 578 2334 vice,
591 2294 616 2327 sed
629 2302 716 2336 constanter,
728 2298 773 2330 variis

88 2337 194 2375 occasionibus,
208 2334 301 2368 audIentibus
315 2337 370 2376 amicis,
384 2338 453 2376 inimicis,
467 2337 596 2371 testabatur....”
610 2340 636 2377 lta,
650 2340 671 2371 Io.
685 2339 704 2371 G.
717 2340 774 2380 Maver,

88 2380 156 2413 Historia
164 2377 227 2412 Diaboli
238 2378 270 2419 (ed.
279 2383 288 2411 2
297 2378 379 2420 Tubingae,
389 2380 437 2418 Cotta,
448 2380 495 2421 1780)
507 2382 532 2413 44λ
541 2382 570 2414 Pro
578 2381 645 2420 ipsismet
654 2381 702 2415 verbis
712 2383 775 2415 Socratis

87 2423 122 2455 vide
130 2423 162 2454 eius
170 2420 266 2461 apologiam,
276 2423 282 2452 Ι
292 2425 315 2456 31.
324 2421 399 2460 Attamen,
408 2421 490 2455 hodiedum
498 2422 548 2463 “apud
557 2424 630 2456 Socratem
639 2433 665 2464 per
674 2424 774 2464 daemonium,

88 2463 129 2504 quod
141 2463 216 2496 monendo
229 2474 260 2494 sese
273 2464 289 2494 in
301 2464 362 2495 homine
374 2464 463 2503 manifestat,
475 2466 580 2497 conscientiam
592 2476 624 2497 esse
636 2465 732 2507 designatam,
745 2468 775 2499 iam

88 2507 178 2539 conveniunt
191 2506 271 2543 auctores,'’
285 2504 321 2537 dicit
334 2507 355 2537 Io.
368 2506 410 2544 Smit,
423 2507 448 2538 De
460 2507 565 2539 Daemoniacis
578 2506 594 2539 in
606 2507 674 2540 Historia
686 2506 775 2549 Evangelica

89 2548 158 2588 (Romae,
167 2550 203 2581 lnst.
212 2546 256 2585 Bibl,
267 2548 314 2587 1913)
327 2549 356 2581 164
364 2554 399 2581 nota
408 2553 422 2581 2.
432 2549 511 2590 Quidquid
519 2550 538 2581 sit
546 2548 565 2581 de
573 2549 640 2582 doctrina
648 2551 716 2591 Socratis,
725 2552 774 2585 minus

88 2589 132 2623 reiert
141 2590 164 2664 lad
175 2594 267 2630 praesentem
279 2590 385 2629 quaestionem,
397 2600 431 2623 cnm
443 2592 467 2623 hic
479 2602 509 2623 non
522 2591 579 2629 dentur,
592 2592 621 2624 nisi
633 2592 706 2632 quaedam
719 2593 774 2626 indicia

87 2643 140 2673 genera
147 2644 166 2665 ra.

130 2676 154 2708 56.
165 2672 221 2706 Confer
230 2673 308 2712 Arretium,
319 2674 413 2715 Origeoiaoa,
424 2678 432 2707 2
442 2686 454 2708 c.
463 2680 471 2708 2
481 2686 496 2716 q.
507 2680 514 2711 5
524 2686 539 2708 n.
549 2679 567 2710 31
580 2674 620 2716 (PG.
630 2680 648 2710 17
658 2675 704 2717 882).
