1633 3045
82 125 105 163 60
282 124 312 161 Da
323 125 451 162 siucuronun
463 124 566 161 Homuuu

81 267 142 295 unum
152 250 243 310 angelum
251 250 339 311 pluribus
348 250 459 296 hominibus
469 250 493 294 ad
503 249 610 294 custodiam
620 249 714 309 deputari,
725 264 769 304 cum

81 327 115 368 uni
126 325 202 368 homini
212 324 298 384 plurium
309 323 397 368 custodia
409 325 511 385 deputetur
527 322 562 385 (al,
575 325 640 384 plures
652 323 769 383 deputentur

81 401 102 443 in
110 398 217 443 custodiam
226 406 261 459 pro
271 413 289 459 p.
299 414 314 442 c.
324 398 364 461 d).
374 435 378 442 .
387 434 391 442 .
400 398 426 442 .”⁶
435 400 454 444 Si
462 406 527 442 autem
535 412 570 458 pro
579 397 639 443 dubio
647 397 712 450 habet,
720 413 768 441 num

83 474 147 532 angeli
163 473 210 517 boni
227 472 298 531 singuli
315 474 353 515 sint
370 487 405 532 pro
422 473 503 530 singulis
519 471 630 515 hominibus
648 471 768 523 sufficientes,

81 547 144 590 multo
153 546 215 605 magis
225 545 335 597 daemones,
345 560 389 589 cum
398 548 452 589 iuxta
461 546 513 588 illius
523 546 615 605 temporis
625 544 769 605 persuasionem

82 635 123 664 non
133 619 221 664 ceciderit
231 621 268 663 nisi
279 620 339 685 tertia
345 635 395 681 pars.
413 621 520 673 Caeterum,
531 618 638 663 hodiedum
649 619 770 663 communior

83 694 219 753 theologorum
228 694 328 746 sententia,
337 709 399 737 unum
407 693 535 753 eumdemque
545 693 636 751 angelum
645 692 715 736 eodem
723 701 769 736 tem-

82 781 130 827 pore
139 774 215 811 tantum
224 782 285 811 unum
293 768 394 811 hominem
402 766 503 820 custodire,
513 766 618 819 contendit,
629 768 683 811 sicuti
692 767 769 827 pariter,

83 840 137 899 quod
153 854 220 883 omnes
237 840 348 899 singulique
363 841 451 884 homines
468 840 567 883 custodem
584 840 676 898 angelum
691 839 769 883 habent.

122 920 229 969 Praeterea,
241 925 262 961 ut
275 918 394 977 suprarelato
407 925 521 977 argumento
534 918 624 977 Magistri
637 924 656 960 et
667 919 718 960 Petri
731 918 770 960 Pic-

84 993 174 1035 taviensis
185 992 215 1034 vis
227 991 320 1043 dematur,
334 1000 363 1036 sat
374 992 463 1036 videniur
476 999 576 1051 sequentes
589 992 770 1035 animadversiones.

84 1066 175 1117 Primum,
189 1064 242 1124 quod
255 1065 310 1109 electi
323 1071 352 1108 tot
365 1065 403 1108 sint
415 1073 463 1125 quot
475 1064 521 1109 boni
534 1065 605 1124 angeli,
618 1066 677 1123 gratis
690 1065 769 1108 omnino

85 1140 182 1189 asseritur;
195 1153 286 1181 numerus
299 1140 351 1181 enim
363 1139 468 1182 electorum
480 1156 491 1182 a
503 1140 604 1182 voluntate
616 1140 655 1181 Dei
667 1138 771 1198 praedesti-

84 1212 147 1254 nantis
163 1210 266 1271 dependet,
283 1218 302 1254 et
317 1212 364 1255 haec
380 1210 532 1271 haudquaquam
548 1213 669 1272 comperitur.
686 1211 770 1264 Deinde,

84 1285 173 1327 homines
187 1284 250 1327 malos
266 1299 347 1327 numero
363 1299 453 1343 superare
467 1285 535 1338 bonos,
552 1287 608 1330 unice
624 1301 648 1329 ex
663 1293 717 1329 textu
732 1287 770 1329 Mt.

87 1356 123 1417 (20
137 1359 161 1400 16
171 1364 191 1400 et
201 1362 225 1398 22
239 1356 285 1418 til:
300 1358 369 1401 “multi
381 1359 432 1401 enim
442 1366 487 1401 sunt
497 1359 566 1410 vocati,
578 1360 634 1418 pauci
645 1374 691 1403 vero
703 1359 769 1402 electi'

85 1429 190 1482 deducitur,
203 1432 291 1489 quamvis
302 1431 346 1474 talis
358 1446 418 1491 penes
428 1433 541 1476 vetustiores
553 1433 661 1476 communis
673 1432 732 1476 fuerit
744 1434 771 1475 in-

85 1506 201 1563 terpretatio.
218 1505 261 1557 Ast,
273 1505 288 1548 si
298 1506 328 1548 his
339 1506 410 1549 Christi
420 1505 483 1550 verbis
493 1505 603 1566 parabolice
613 1507 716 1550 enuntiatis
727 1507 771 1550 talis

85 1577 199 1635 significatio
214 1576 302 1621 absoluta
316 1576 426 1631 ascribatur,
440 1586 461 1623 ut
475 1594 516 1623 non
530 1580 593 1623 solum
608 1580 689 1633 ludaeis,
705 1581 739 1623 sed
753 1588 771 1623 et

85 1654 174 1699 omnibus
189 1652 279 1698 fidelibus
295 1653 421 1712 applicentur,
437 1661 546 1712 sequeretur
561 1655 581 1696 in
596 1668 611 1697 s.
626 1653 713 1713 Eloquiis
728 1669 771 1697 con·

84 1727 172 1773 tradictio
184 1726 280 1787 ponenda.
299 1728 407 1779 Enimvero,
418 1728 439 1770 in
450 1728 532 1786 ipsamet
543 1726 636 1787 parabola
647 1727 672 1771 de
682 1729 771 1772 convivio

86 1802 168 1861 nuptiali
181 1801 228 1861 (Mt,
238 1807 262 1843 22
272 1807 282 1843 2
292 1800 338 1860 ss),
347 1800 372 1844 ad
381 1801 434 1844 cuius
443 1799 503 1843 finem
510 1800 568 1844 verba
576 1802 634 1844 citata
642 1803 772 1854 inveniuntur,

85 1889 134 1918 arras
145 1883 220 1918 tantum
233 1889 256 1917 ex
266 1875 357 1927 invitatis,
369 1875 427 1917 vestis
437 1874 530 1934 nuptialis
542 1889 615 1934 expers,
628 1874 680 1919 toras
692 1876 771 1919 emissus

85 1956 119 1992 est.
137 1950 215 2000 lterum,
228 1963 251 1991 ex
262 1947 322 1992 tribus
334 1947 444 1993 hominibus
457 1948 530 1993 talenta
541 1948 682 2008 recipientibus,
694 1951 772 1993 nonnisi

86 2036 135 2064 unus
147 2021 216 2065 eiectus
227 2028 256 2064 est
269 2020 317 2081 (Mt.
331 2027 354 2066 25
369 2022 393 2063 14
404 2021 449 2082 ss).
461 2022 553 2074 Demum,
565 2023 585 2064 in
597 2021 659 2066 adhuc
671 2023 713 2066 aliis
725 2023 772 2067 locis

85 2109 176 2138 numerus
188 2094 256 2137 saltem
268 2095 354 2153 aequalis
365 2096 450 2153 ponitur,
463 2097 510 2139 sicut
521 2096 619 2153 virginum
631 2098 717 2156 quinque
729 2112 772 2156 pru·

86 2167 152 2211 dentes
162 2176 180 2211 et
189 2167 274 2226 quinque
282 2165 349 2210 fatuae
361 2166 408 2227 (Mt,
419 2174 442 2214 25
454 2174 463 2210 1
474 2167 519 2228 ss),
528 2170 559 2212 vel
568 2171 597 2212 uti
605 2170 629 2213 de
638 2169 670 2213 die
678 2171 772 2214 adventus

86 2242 129 2283 Filii
140 2241 186 2284 dicit
197 2241 291 2283 Christus:
305 2241 372 2284 “Tunc
382 2250 438 2285 erunt
449 2240 488 2285 duo
499 2244 520 2285 in
531 2257 585 2300 agro:
599 2258 648 2286 unus
659 2252 771 2296 assumetur,

87 2321 106 2357 et
119 2328 169 2356 unus
183 2312 307 2373 relinquetur.
316 2348 319 2357 .
383 2313 432 2374 (Mt.
448 2320 471 2360 25
487 2314 533 2375 to).
548 2317 568 2359 Si
583 2323 647 2359 autem
661 2317 773 2361 huiusmodi

86 2394 149 2430 textus
160 2389 181 2430 in
193 2400 249 2430 sensu
260 2387 330 2430 literali
342 2396 448 2442 sumuntur,
461 2389 510 2433 sicut
521 2389 550 2433 illi
557 2390 627 2438 locum
640 2391 709 2435 “multi
721 2393 773 2435 enim

86 2468 131 2503 suot
139 2461 209 2510 vocati,
219 2462 275 2519 pauci
285 2475 331 2503 vero
340 2462 407 2504 electi’
418 2464 573 2521 interpretantur,
584 2471 630 2506 tunc
640 2471 669 2506 sat
679 2465 730 2508 clare
740 2479 772 2525 ap-

85 2541 145 2594 paret,
155 2540 249 2594 quantum
258 2533 322 2577 valeat
330 2536 367 2579 ista
375 2538 487 2594 praemissa:
499 2537 564 2597 plures
574 2545 618 2581 sunt
627 2538 674 2581 mali
683 2540 772 2583 homines

127 2672 141 2704 6.
152 2671 228 2711 Magister,
238 2675 248 2703 2
257 2672 302 2708 leat,
312 2670 326 2704 d.
338 2676 364 2711 11;
374 2673 381 2704 Ι
392 2672 483 2714 (Quaracchi
494 2673 541 2715 1916)
556 2679 590 2710 355.
