1657 3045
264 114 364 151 Dnanona
378 114 520 151 Inaucnmoua
714 114 736 151 29

49 240 180 303 parallelismo
191 239 322 299 consequitur;
334 239 399 296 angeli
410 246 474 282 autem
485 237 573 282 custodes
584 234 675 281 omnibus
686 235 737 279 attri-

49 317 139 365 buuntur,
148 312 232 373 ideoque
240 313 344 357 daemones
352 313 429 372 pariter⁵
437 313 474 355 nisi
483 312 572 372 explicite
580 317 664 371 ponatur
673 309 737 368 aliqua

49 388 145 433 limitatio.
156 389 211 430 Haec
222 394 287 430 autem
298 387 345 445 poni
356 386 429 445 nequit,
441 388 486 445 quia
498 386 610 446 simpliciter
622 384 647 428 de
657 384 737 427 homine

22 474 23 477 ’
50 464 112 521 deque
124 463 209 504 hominis
221 463 260 503 vita
273 462 416 503 sermocinatur
436 462 493 504 Nihil
507 461 560 504 aliud
573 475 619 518 ergo
633 467 662 502 est
674 457 737 501 dicen-

50 535 103 587 dum,
120 535 157 577 nisi
174 533 227 593 quod
244 535 262 577 S.
280 534 386 591 Gregorius
403 534 502 590 Nyssenus
520 534 635 577 sententiam
651 534 738 590 Hermae

50 609 108 668 plane
123 615 197 650 secutus
211 614 244 650 est.
259 609 332 666 ltaque,
347 609 363 649 si
377 608 479 650 auctoritas
493 608 533 650 eius
546 606 649 650 inficienda
663 613 697 657 est,
709 606 737 647 in·

51 681 81 725 fici
98 679 155 724 debet
172 695 195 723 ex
212 679 313 724 deficiente
329 680 412 723 aliorum
429 682 508 723 Patrum
523 693 618 723 consensu
634 678 737 722 deficienti-

50 755 124 814 busque
135 754 241 799 rationibus
252 753 364 814 probativis‚
376 761 398 797 ut
408 761 475 813 postea
486 753 564 796 dicetur.

90 827 113 888 8)
132 827 214 886 Aliquid
229 842 280 869 nunc
295 824 323 869 est
338 827 442 870 dicendum
457 826 482 869 de
497 828 514 870 S.
530 827 737 876 CHRYSOSTOMQ

51 902 84 960 qui
96 902 168 959 pariter
179 915 214 959 pro
226 908 281 959 parte
294 900 409 943 affirmativa
420 901 516 943 immerito
529 899 617 943 refertur.
629 901 668 943 Hic
680 901 737 951 enirn,

52 973 166 1033 explicando
179 988 291 1032 germanam
304 973 350 1017 fidei
359 973 471 1017 ‘doctrinam
484 973 508 1017 de
522 973 596 1032 angelis
609 972 738 1032 stipatoribus,

52 1047 144 1089 admonet
151 1047 224 1098 fideles,
233 1055 254 1089 ut
262 1047 347 1090 debitam
355 1048 481 1089 reverentiam
490 1062 536 1105 erga
544 1046 622 1089 eosdem
630 1046 738 1088 ostendant.

53 1120 84 1162 “si
94 1134 146 1177 ergo,
157 1120 189 1171 ait,
199 1119 292 1163 habemus
302 1120 388 1177 angelos,
398 1119 486 1163 modeste
496 1135 531 1163 nos
541 1134 630 1177 geramus
640 1127 740 1177 tamquam

52 1190 108 1235 nobis
121 1191 185 1235 adsint
197 1191 277 1251 quidam
289 1191 413 1252 paedagogis
422 1208 468 1235 nam
482 1192 536 1236 adest
549 1193 608 1235 etiam
620 1191 740 1235 daemon.”³⁹

52 1267 80 1308 Ex
91 1265 121 1307 his
132 1280 178 1308 vero
190 1266 263 1308 ultimis
275 1265 338 1309 verbis
351 1266 441 1308 nonnulli
454 1266 557 1318 deducunt,
570 1265 676 1309 secundum
688 1280 740 1309 men-

53 1346 92 1381 tem
110 1340 127 1382 S.
146 1339 278 1396 Chrysostomi
295 1340 398 1399 unicuique
415 1341 490 1383 homini
508 1340 608 1399 proprium
625 1338 740 1382 daemonem

53 1411 142 1470 deputari
155 1413 320 1471 impugnatorem;
333 1414 371 1457 hoc
384 1421 455 1465 autem,
468 1421 490 1457 ut
502 1415 605 1457 minimum
619 1412 699 1465 dicatur,
713 1419 741 1456 est

53 1491 114 1533 textui
125 1490 182 1533 vimi
197 1489 254 1533 ferre.
272 1489 353 1541 Etenim,
365 1487 433 1532 fideles
445 1489 556 1532 exhortatur
568 1487 593 1532 ad
605 1487 690 1532 debitam
702 1488 741 1547 pie-

54 1571 114 1605 tatem
130 1578 176 1621 erga
192 1563 272 1620 angelos
288 1569 367 1613 tutores,
384 1569 403 1604 et
419 1561 499 1620 quidem
515 1569 593 1620 propter
610 1561 697 1604 additam
712 1575 741 1603 ra·

54 1637 133 1688 tionem,
147 1637 193 1695 quia
206 1635 289 1678 daemon
303 1634 357 1678 adest
369 1635 473 1692 invigilans
487 1642 506 1678 et
518 1635 649 1693 paratissimus
663 1634 687 1677 ad
701 1649 741 1676 om-

54 1724 99 1751 nem
113 1710 234 1752 occasionem
247 1707 382 1767 anipiendam,
396 1716 418 1751 ut
431 1709 515 1751 hominis
528 1709 619 1750 virtutem
632 1706 740 1751 tabefaciat.

55 1781 101 1825 Ideo
110 1789 187 1841 oportet
197 1782 304 1841 angelicam
313 1782 370 1824 istam
380 1780 487 1824 custodiam
496 1783 517 1824 in
526 1795 598 1840 magna
608 1782 741 1824 aestimatione

54 1855 131 1907 habere,
143 1857 189 1914 quia
200 1855 224 1899 ab
235 1870 258 1898 ea
270 1856 364 1898 auxilium
375 1856 497 1913 potissimum
507 1862 574 1897 contra
586 1855 702 1897 daemonem
713 1862 742 1897 est

55 1927 187 1971 obtinendum.
205 1929 233 1970 Ex
243 1928 280 1970 hoc
291 1935 356 1970 autem
365 1942 406 1969 non
416 1926 542 1979 concluditur,
553 1927 657 1987 unicuique
666 1928 742 1970 homini

55 2000 122 2043 adesse
137 2001 272 2060 particularem
288 2001 372 2060 aliquem
388 2001 508 2053 daemonem,
524 2003 557 2060 qui
573 2016 618 2044 eum
633 2008 742 2044 constanter

54 2082 115 2118 tentet
125 2082 144 2118 et
154 2075 179 2119 ad
189 2076 263 2119 malum
274 2076 369 2119 sollicitet.

94 2159 122 2200 Ex
131 2158 230 2217 hucusque
239 2157 294 2201 dictis
303 2157 412 2201 resolvitur:
424 2158 527 2210 Sententia,
537 2173 588 2217 quae
596 2159 700 2218 unicuique
709 2159 742 2201 ho·

55 2231 103 2273 mini
113 2231 216 2290 specialem
227 2231 342 2274 daemonem
352 2229 482 2273 adversarium
492 2232 583 2289 assignat,
594 2231 619 2275 ad
629 2231 743 2275 fundamen-

56 2311 98 2347 tum
108 2305 168 2364 ipsius
178 2306 198 2347 in
208 2304 312 2347 traditione
323 2304 376 2364 quod
386 2305 459 2355 attinet,
470 2307 548 2348 nonnisi
559 2305 618 2349 debili
629 2313 743 2364 argumento

57 2378 165 2421 sustinetur.
189 2378 291 2436 Originem
308 2379 360 2421 enim
377 2392 400 2420 ex
416 2379 495 2421 Pastore
512 2380 598 2422 Hermae
615 2378 673 2431 ducit,
690 2380 743 2423 cuius

57 2453 170 2496 auctoritate
179 2453 287 2496 innituntur
296 2453 391 2510 Origenes
401 2459 420 2496 et
429 2453 447 2496 S.
457 2454 564 2511 Gregorius
574 2455 680 2511 Nyssenus
690 2469 744 2514 prae·

57 2532 85 2567 ter
96 2540 144 2585 quos
154 2526 220 2568 nullus
230 2527 310 2568 omnino
322 2525 365 2576 ruit,
377 2527 410 2584 qui
421 2528 535 2570 sententiam
546 2529 603 2570 istam
613 2527 744 2571 indubitanter

55 2615 116 2622 -ψ

98 2659 122 2690 39.
130 2657 145 2687 S.
153 2656 271 2695 Chrysostomus,
279 2657 343 2699 llam&
353 2655 369 2686 in
377 2656 404 2696 Ep.
412 2654 432 2686 ad
441 2654 502 2694 Colosu,
511 2666 524 2689 c.
534 2662 541 2689 l
553 2656 592 2698 (PG.
601 2658 620 2689 62
630 2656 675 2697 322).
