1657 3045
261 490 360 539 CAPUT
382 490 517 540 TERTIUM

114 637 298 681 THEOLOGICA
315 636 502 693 QUAESTIONIS
519 636 663 680 EVOLUTIO

1 841 5 858 Ι
46 858 204 968 INQUIRERE
213 871 263 899 nunc
272 864 355 916 oportet,
365 855 412 916 quid
422 855 446 899 de
455 857 519 899 haere
528 856 616 915 theologi
625 856 732 899 scholastici

83 940 182 983 senserint.
201 941 262 983 Utin
276 938 398 999 sequentibus
410 937 512 991 videbitur,
526 945 679 999 propugnatores
693 953 733 982 sen-

45 1013 117 1056 tentiae
127 1012 253 1057 affirmativae
263 1012 335 1054 multos
346 1012 448 1071 theologos
459 1026 536 1072 eosque,
548 1013 581 1072 qui
591 1014 676 1055 maxima
686 1026 732 1068 gau-

0 1078 3 1102 ³
46 1085 93 1130 dent
106 1087 224 1139 auctoritate,
237 1088 258 1128 in
272 1101 326 1129 suam
339 1093 413 1145 partem
427 1085 522 1129 adducere
534 1094 620 1145 possunt,
635 1085 668 1128 sed
681 1084 732 1128 vide·

46 1158 97 1202 bitur
113 1161 190 1218 pariter,
207 1145 354 1218 quantumhoc
369 1159 447 1217 pondus
462 1159 562 1203 materiale
579 1160 733 1203 testimoniorum

0 1221 1 1226 ¹
46 1233 115 1275 valent.
135 1232 168 1276 Ad
187 1233 225 1275 hoc
243 1232 313 1275 melius
333 1231 475 1277 ostendendum
494 1240 581 1276 censetur
601 1240 733 1292 opportunum

45 1305 114 1347 ordine
130 1306 194 1364 logico
211 1307 270 1365 sequi,
287 1314 382 1365 quatenus
399 1307 483 1364 primum
499 1305 615 1365 perhibetur,
633 1304 732 1365 quomodo

45 1372 161 1438 posteriores
173 1379 260 1437 theologi
273 1387 347 1422 textum
360 1381 411 1423 Petri
424 1378 527 1424 lombardi
541 1379 652 1439 simpliciter
665 1378 732 1422 decan-

46 1460 92 1504 tent,
104 1460 123 1496 et
134 1452 204 1496 deinde
213 1452 343 1512 indagabitur,
354 1469 439 1513 quonam
450 1470 474 1496 ex
485 1452 540 1497 fonte
552 1453 679 1513 desumpserit
690 1455 732 1497 Ma-

46 1530 111 1587 gister,
125 1531 186 1572 itaut
200 1528 279 1572 tandem
293 1527 398 1586 aliquando
412 1529 432 1569 in
445 1527 508 1570 lucem
522 1534 611 1586 ponatur,
625 1527 678 1586 quod
691 1534 733 1571 tota

47 1601 124 1646 traditio
140 1601 253 1644 scholastica
268 1600 292 1643 de
308 1602 402 1643 sententia
417 1600 531 1644 affirmativa
545 1601 566 1642 in
581 1601 619 1643 alio
634 1614 674 1643 non
689 1615 732 1643 con-

46 1674 101 1726 sistit,
115 1689 174 1734 quam
186 1675 206 1716 in
219 1687 268 1733 pura
279 1680 326 1731 puta
339 1673 453 1731 repetitione
465 1687 526 1732 eaque
538 1671 612 1716 verbali
624 1674 732 1716 communis

46 1751 145 1795 cuiusdam
157 1750 222 1803 fontis,
234 1751 327 1810 cuiusque
338 1748 486 1794 tundamentum
498 1751 516 1793 S.
529 1750 635 1808 Gregorius
647 1752 732 1809 Magnus

47 1827 96 1872 false
106 1828 215 1889 putabatur.

87 1911 109 1972 1)
122 1913 272 1963 MAGISTER,1
283 1910 403 1955 ostendendo
414 1913 463 1955 inter
473 1911 577 1955 daemones
587 1913 658 1971 pariter
667 1913 732 1970 vigere

46 1987 273 2048 praelationem'subdit:
286 1988 377 2033 “Habent
385 2003 463 2048 quoque
471 1988 576 2032 secundum
584 1989 665 2032 modum
674 1992 732 2032 scien-

46 2067 84 2110 tiae
93 2068 171 2110 maioris
179 2066 211 2110 vel
220 2068 306 2118 minoris,
316 2067 444 2125 praelationes
454 2067 501 2110 alias
510 2068 593 2110 maiores
601 2067 633 2110 vel
642 2068 732 2111 minores.

46 2143 132 2199 Quidam
143 2145 195 2187 enim
205 2145 239 2187 uni
250 2146 365 2204 provinciae,
378 2145 411 2188 alii
421 2146 455 2187 uni
465 2145 546 2197 homini,
559 2144 618 2205 aliqui
630 2147 688 2190 etiam
698 2147 733 2190 uni

45 2223 92 2265 vitio
103 2223 213 2282 praesunt.”
230 2224 253 2265 In
262 2224 305 2274 hoc,
316 2222 369 2282 quod
379 2223 483 2266 daemones
494 2238 534 2266 non
544 2223 655 2268 hominihus
665 2224 731 2276 modo,

46 2298 80 2343 sed
90 2300 148 2343 etiam
158 2301 261 2360 provinciis
272 2315 295 2343 ex
306 2299 396 2359 analogia
406 2315 450 2343 cum
460 2301 534 2359 angelis
545 2300 732 2362 stipatoribus'prae-

45 2391 87 2419 esse
102 2385 195 2429 autumat,
211 2393 255 2420 cum
271 2379 356 2434 Origene
371 2378 429 2436 plane
444 2379 540 2431 convenit,
556 2387 577 2423 ut
592 2380 653 2424 videti
668 2388 732 2439 potest

46 2467 103 2514 supra
114 2467 133 2513 p.
146 2459 176 2498 20.
195 2455 253 2507 Dein,
265 2453 318 2514 quod
329 2454 469 2514 praelationem
480 2455 598 2500 daemonum
608 2459 629 2499 in
639 2473 663 2500 eo
674 2460 732 2501 etiam

45 2532 148 2574 consistere
157 2530 285 2583 contenditur,
294 2531 347 2590 quod
356 2531 425 2575 diversi
434 2532 513 2576 diversis
522 2535 573 2577 vitiis
582 2543 678 2594 praesunt,
688 2535 731 2579 doc-

87 2658 101 2688 1.
111 2657 121 2686 2
130 2655 174 2693 sent,
183 2654 198 2688 d.
207 2656 217 2688 6
225 2665 237 2687 o
246 2656 263 2694 43
273 2656 279 2688 l
290 2655 381 2697 (Quaracchi
391 2656 438 2697 1916)
451 2661 488 2697 331;
500 2658 536 2700 (PL.
546 2662 574 2695 192
584 2658 630 2699 663).

379 2744 402 2781 39
