1633 3045
104 116 125 153 38
298 110 328 149 Da
339 110 440 148 Dnsuorva
451 110 592 147 rusucurium

100 237 251 289 SILENTIUM,
261 237 423 288 1M0,PATREs
432 236 633 280 OCCIDENTALES
642 235 788 279 SILENTIUM

102 310 272 354 ALTlSSIMUM.
288 311 394 363 Praeterea,
404 310 419 353 si
429 310 485 353 series
492 310 529 352 ista
537 308 692 353 testimoniorum
701 307 788 365 antiquo-

103 399 145 427 rum
153 398 198 426 vera
206 381 284 426 traditio
293 382 393 435 diceretur,
402 382 543 427 observandum
552 388 586 433 est,
595 396 638 425 eam
646 380 789 424 universalitate

103 465 122 501 et
136 457 227 500 firmitate
242 456 330 500 funditus
345 471 414 501 carere.
436 457 517 509 Etenim,
533 456 598 516 quoad
613 455 730 507 firmitatem,
746 455 789 500 Ori·

102 544 161 590 genes
172 530 232 573 modo
244 532 308 589 potius
319 532 443 590 hypothetico
457 530 579 588 suffragatur,
592 530 639 573 dum
651 531 669 573 S.
682 530 789 587 Gregorius

102 606 208 662 Nyssenus,
217 605 264 647 sicut
271 611 339 662 postea
346 606 455 656 Cassianus,
463 619 515 648 mere
523 620 547 648 ex
553 607 628 647 Herma
635 605 709 663 repetit.
718 603 790 658 Quoad

103 676 267 720 universalitatem
280 691 326 720 vero
342 692 382 720 non
397 686 425 720 est
440 676 637 737 praetermittendum,
652 676 729 719 nullum
744 691 790 735 qua-

88 805 89 808 *
103 750 225 809 lemcumque
233 749 285 809 apud
293 752 359 794 Patres
367 750 494 795 occidentales
503 751 585 793 inveniri
594 750 700 794 sententiae
709 748 790 792 affirma-

103 825 154 866 tivae
162 823 265 875 fautorem,
274 824 327 882 quod
335 826 415 868 maximi
423 832 452 867 est
459 825 558 875 momenti,
567 839 611 867 cum
619 823 730 867 incredibile
738 823 790 866 vide-

104 907 152 951 atur,
163 914 195 942 eos
205 899 265 942 talem
274 914 314 942 rem
324 900 428 956 ignorasse,
439 899 454 941 si
465 913 532 958 reapse
540 899 561 941 in
571 896 674 941 traditione
684 897 791 956 apostolica

104 972 186 1017 fundata
198 972 272 1025 luisset,
285 974 333 1015 sicut
346 987 370 1015 ex
381 974 459 1014 Pastore
472 970 663 1014 Hermaededucere
676 971 745 1014 volunt
758 970 790 1013 ad-

103 1047 187 1090 versarii.
204 1046 284 1089 Accedit
294 1053 313 1089 et
324 1045 362 1088 alia
372 1046 421 1088 ratio
431 1046 471 1088 iam
481 1045 583 1097 insinuata,
594 1043 647 1105 quod
657 1058 728 1104 nempe
738 1042 791 1104 apud

104 1134 171 1162 omnes
180 1120 226 1162 istos
235 1121 300 1162 Patres
309 1126 349 1161 tam
359 1117 450 1177 frequens
459 1117 482 1162 fit
491 1118 515 1162 de
525 1119 598 1176 angelis
608 1117 718 1180 custodibus
728 1118 791 1178 deque

105 1191 231 1236 daemonibus
240 1191 408 1251 impugnatoribus
418 1192 504 1234 sermo⁵⁸

144 1266 200 1320 Quae
211 1280 255 1308 cum
267 1266 294 1307 ita
306 1267 349 1317 sint,
362 1264 437 1308 videtur
450 1273 478 1308 sat
490 1265 609 1309 rationabilis
622 1273 641 1309 et
653 1264 735 1309 lundata
747 1280 790 1309 con·

104 1339 170 1389 clusio,
181 1353 219 1397 qua
229 1339 317 1397 opinioni
327 1337 352 1380 de
362 1338 443 1396 singulis
452 1338 579 1382 daemonibus
590 1339 671 1397 singulis
681 1338 791 1383 hominibus

105 1413 205 1472 assignatis
216 1426 274 1454 omne
285 1426 362 1472 prorsus
372 1411 522 1455 fundamentum
532 1414 552 1455 in
564 1427 578 1456 s.
589 1414 685 1473 Scriptura
697 1411 791 1458 abiudico·

105 1494 141 1538 tur,
154 1493 211 1544 atque
224 1488 241 1528 ei
254 1500 277 1528 ex
289 1485 393 1529 traditione
405 1486 499 1529 Ecclesiae
512 1487 589 1529 nonnisi
601 1487 735 1530 tenuissimum
748 1501 791 1530 con·

106 1559 179 1602 ceditur
191 1566 331 1616 argumentum.

147 1697 170 1728 58<
180 1692 204 1725 nd
214 1695 315 1734 quaestionem
325 1693 343 1725 de
352 1694 413 1734 proprio
423 1693 495 1727 daemone
500 1695 584 1737 unicuique
593 1701 695 1735 permanenter
704 1695 792 1728 adhaerente

106 1736 216 1778 quodammodo
225 1737 289 1777 pertinet
298 1735 364 1769 doctrina
373 1737 437 1769 haeresis
445 1737 570 1770 Massalianorum
581 1739 611 1771 slve
621 1738 756 1771 Messalianitarum
766 1749 792 1770 seu

106 1780 199 1812 Euchtmun
211 1779 292 1812 secundum
302 1790 347 1819 quam
358 1781 406 1812 cuncti
417 1781 484 1813 homines
496 1781 526 1812 inm
538 1792 545 1813 a
557 1782 633 1814 nativitate
644 1783 659 1814 in
671 1793 686 1814 se
697 1782 750 1815 habere
761 1782 791 1814 din

107 1822 157 1854 bolum
169 1822 200 1853 sola
211 1822 278 1853 oratione
289 1832 316 1862 per
327 1822 389 1854 modum
401 1824 440 1862 sputi
453 1822 562 1862 expellendum.
574 1823 614 1855 Vide
625 1822 718 1864 Reatencykl.
730 1822 742 1864 l,
753 1828 791 1865 prot.

107 1863 158 1898 Theoi,
167 1875 181 1896 u,
190 1863 248 1903 rcircte,
257 1863 377 1905 Herzog-Haud<
387 1864 457 1906 (Leipzig
466 1865 513 1906 1903)
525 1867 556 1899 XII
565 1867 599 1899 662,
607 1866 718 1900 Messalianitae
727 1866 792 1899 damnati

107 1913 121 1940 et
132 1908 250 1940 anathematizati
260 1913 294 1940 sunt
304 1919 313 1939 a
323 1908 392 1940 Concilio
402 1908 477 1949 Epheslno
490 1908 545 1949 (431)ss
559 1909 616 1948 Mansi,
629 1909 700 1948 Consilia,
712 1912 734 1944 IV
746 1911 792 1948 1477;
