<?xml version="1.0" encoding="UTF-8"?>
<!DOCTYPE html PUBLIC "-//W3C//DTD XHTML 1.0 Transitional//EN"
    "http://www.w3.org/TR/xhtml1/DTD/xhtml1-transitional.dtd">
<html xmlns="http://www.w3.org/1999/xhtml" xml:lang="en" lang="en">
 <head>
  <title>
</title>
<meta http-equiv="Content-Type" content="text/html;charset=utf-8" />
  <meta name='ocr-system' content='tesseract 3.04.00' />
  <meta name='ocr-capabilities' content='ocr_page ocr_carea ocr_par ocr_line ocrx_word'/>
</head>
<body>
  <div class='ocr_page' id='page_1' title='image "MN41545ucmf_5_0114.png"; bbox 0 0 1633 3045; ppageno 0'>
   <div class='ocr_carea' id='block_1_1' title="bbox 87 121 572 161">
    <p class='ocr_par' dir='ltr' id='par_1_1' title="bbox 87 121 572 161">
     <span class='ocr_line' id='line_1_1' title="bbox 87 121 572 161; baseline -0.004 -1"><span class='ocrx_word' id='word_1_1' title='bbox 87 126 109 161; x_wconf 83' lang='lat'>78</span> <span class='ocrx_word' id='word_1_2' title='bbox 125 124 127 129; x_wconf 83' lang='grc'><em>’</em></span> <span class='ocrx_word' id='word_1_3' title='bbox 287 122 317 158; x_wconf 80' lang='lat' dir='ltr'>Dr</span> <span class='ocrx_word' id='word_1_4' title='bbox 329 122 457 158; x_wconf 77' lang='lat' dir='ltr'>Sanouaouun</span> <span class='ocrx_word' id='word_1_5' title='bbox 469 121 572 158; x_wconf 82' lang='lat' dir='ltr'>Homuun</span> 
     </span>
    </p>
   </div>
   <div class='ocr_carea' id='block_1_2' title="bbox 41 245 782 2516">
    <p class='ocr_par' dir='ltr' id='par_1_2' title="bbox 87 245 782 820">
     <span class='ocr_line' id='line_1_2' title="bbox 87 245 774 307; baseline -0.006 -14"><span class='ocrx_word' id='word_1_6' title='bbox 87 265 132 293; x_wconf 90' lang='lat' dir='ltr'>eum</span> <span class='ocrx_word' id='word_1_7' title='bbox 143 264 219 293; x_wconf 89' lang='lat' dir='ltr'>merum</span> <span class='ocrx_word' id='word_1_8' title='bbox 231 250 331 291; x_wconf 91' lang='lat' dir='ltr'>hominem</span> <span class='ocrx_word' id='word_1_9' title='bbox 344 250 440 307; x_wconf 86' lang='lat' dir='ltr'>putaverit</span> <span class='ocrx_word' id='word_1_10' title='bbox 452 247 546 292; x_wconf 85' lang='lat' dir='ltr'>diabolus.</span> <span class='ocrx_word' id='word_1_11' title='bbox 560 247 615 290; x_wconf 84' lang='lat' dir='ltr'><strong>Idem</strong></span> <span class='ocrx_word' id='word_1_12' title='bbox 628 253 657 290; x_wconf 90' lang='lat' dir='ltr'>est</span> <span class='ocrx_word' id='word_1_13' title='bbox 670 245 774 290; x_wconf 87' lang='lat' dir='ltr'>dicendum</span> 
     </span>
     <span class='ocr_line' id='line_1_3' title="bbox 87 319 782 380; baseline -0.003 -14"><span class='ocrx_word' id='word_1_14' title='bbox 87 322 111 367; x_wconf 90' lang='lat' dir='ltr'>de</span> <span class='ocrx_word' id='word_1_15' title='bbox 120 323 207 366; x_wconf 85' lang='lat' dir='ltr'>BEATA</span> <span class='ocrx_word' id='word_1_16' title='bbox 215 322 304 365; x_wconf 86' lang='lat' dir='ltr'><strong>MARIA</strong></span> <span class='ocrx_word' id='word_1_17' title='bbox 313 323 433 375; x_wconf 88' lang='lat' dir='ltr'><strong>VIRGINE,</strong></span> <span class='ocrx_word' id='word_1_18' title='bbox 442 323 501 373; x_wconf 92' lang='lat' dir='ltr'>cuius,</span> <span class='ocrx_word' id='word_1_19' title='bbox 511 322 526 364; x_wconf 91' lang='lat' dir='ltr'>si</span> <span class='ocrx_word' id='word_1_20' title='bbox 535 322 625 380; x_wconf 90' lang='lat' dir='ltr'>proprius</span> <span class='ocrx_word' id='word_1_21' title='bbox 634 319 717 363; x_wconf 89' lang='lat' dir='ltr'>daemon</span> <span class='ocrx_word' id='word_1_22' title='bbox 726 334 782 364; x_wconf 76' lang='lat' dir='ltr'>sem-v</span> 
     </span>
     <span class='ocr_line' id='line_1_4' title="bbox 87 392 773 456; baseline -0.006 -17"><span class='ocrx_word' id='word_1_23' title='bbox 87 410 121 456; x_wconf 90' lang='lat' dir='ltr'>per</span> <span class='ocrx_word' id='word_1_24' title='bbox 132 395 223 447; x_wconf 80' lang='lat' dir='ltr'>adfuerit,</span> <span class='ocrx_word' id='word_1_25' title='bbox 233 402 299 454; x_wconf 89' lang='lat' dir='ltr'>partus</span> <span class='ocrx_word' id='word_1_26' title='bbox 309 395 376 438; x_wconf 91' lang='lat' dir='ltr'>illaesa</span> <span class='ocrx_word' id='word_1_27' title='bbox 386 397 497 453; x_wconf 87' lang='lat' dir='ltr'>virginitate</span> <span class='ocrx_word' id='word_1_28' title='bbox 507 393 607 438; x_wconf 89' lang='lat' dir='ltr'>diabolum</span> <span class='ocrx_word' id='word_1_29' title='bbox 618 408 658 436; x_wconf 90' lang='lat' dir='ltr'>non</span> <span class='ocrx_word' id='word_1_30' title='bbox 669 392 773 452; x_wconf 82' lang='lat' dir='ltr'>effugisset.</span> 
     </span>
     <span class='ocr_line' id='line_1_5' title="bbox 87 463 773 528; baseline -0.003 -18"><span class='ocrx_word' id='word_1_31' title='bbox 87 470 119 511; x_wconf 88' lang='lat' dir='ltr'>De</span> <span class='ocrx_word' id='word_1_32' title='bbox 130 463 210 520; x_wconf 84' lang='lat' dir='ltr'>caetero,</span> <span class='ocrx_word' id='word_1_33' title='bbox 222 467 316 511; x_wconf 91' lang='lat' dir='ltr'>absonum</span> <span class='ocrx_word' id='word_1_34' title='bbox 328 475 356 510; x_wconf 88' lang='lat' dir='ltr'>est</span> <span class='ocrx_word' id='word_1_35' title='bbox 366 469 481 528; x_wconf 87' lang='lat' dir='ltr'>piarumque</span> <span class='ocrx_word' id='word_1_36' title='bbox 492 468 568 510; x_wconf 89' lang='lat' dir='ltr'>aurium</span> <span class='ocrx_word' id='word_1_37' title='bbox 577 465 694 510; x_wconf 85' lang='lat' dir='ltr'>oliensivum</span> <span class='ocrx_word' id='word_1_38' title='bbox 705 466 773 517; x_wconf 79' lang='lat' dir='ltr'>dicere,</span> 
     </span>
     <span class='ocr_line' id='line_1_6' title="bbox 87 540 774 600; baseline -0.004 -16"><span class='ocrx_word' id='word_1_39' title='bbox 87 544 167 585; x_wconf 90' lang='lat' dir='ltr'>Beatam</span> <span class='ocrx_word' id='word_1_40' title='bbox 177 542 263 585; x_wconf 89' lang='lat' dir='ltr'>Mariam</span> <span class='ocrx_word' id='word_1_41' title='bbox 273 543 381 600; x_wconf 80' lang='lat' dir='ltr'><strong>Virginem,</strong></span> <span class='ocrx_word' id='word_1_42' title='bbox 392 545 478 586; x_wconf 89' lang='lat' dir='ltr'>Matrem</span> <span class='ocrx_word' id='word_1_43' title='bbox 488 542 533 593; x_wconf 88' lang='lat' dir='ltr'>Dei,</span> <span class='ocrx_word' id='word_1_44' title='bbox 545 549 585 584; x_wconf 90' lang='lat' dir='ltr'>tam</span> <span class='ocrx_word' id='word_1_45' title='bbox 595 542 663 584; x_wconf 91' lang='lat' dir='ltr'>intime</span> <span class='ocrx_word' id='word_1_46' title='bbox 674 540 774 592; x_wconf 79' lang='lat' dir='ltr'>familiari-</span> 
     </span>
     <span class='ocr_line' id='line_1_7' title="bbox 88 612 775 674; baseline 0.003 -16"><span class='ocrx_word' id='word_1_47' title='bbox 88 623 155 673; x_wconf 80' lang='lat' dir='ltr'>terque</span> <span class='ocrx_word' id='word_1_48' title='bbox 170 630 214 658; x_wconf 90' lang='lat' dir='ltr'>cum</span> <span class='ocrx_word' id='word_1_49' title='bbox 228 615 311 673; x_wconf 88' lang='lat' dir='ltr'>ipsomet</span> <span class='ocrx_word' id='word_1_50' title='bbox 325 616 371 658; x_wconf 91' lang='lat' dir='ltr'>Deo</span> <span class='ocrx_word' id='word_1_51' title='bbox 381 617 513 666; x_wconf 87' lang='lat' dir='ltr'>coniunctam,</span> <span class='ocrx_word' id='word_1_52' title='bbox 529 630 605 657; x_wconf 78' lang='lat' dir='ltr'>necnon</span> <span class='ocrx_word' id='word_1_53' title='bbox 620 621 660 657; x_wconf 86' lang='lat' dir='ltr'>tam</span> <span class='ocrx_word' id='word_1_54' title='bbox 675 612 775 674; x_wconf 72' lang='lat' dir='ltr'>profunda</span> 
     </span>
     <span class='ocr_line' id='line_1_8' title="bbox 88 687 775 748; baseline -0.001 -18"><span class='ocrx_word' id='word_1_55' title='bbox 88 689 251 748; x_wconf 78' lang='lat' dir='ltr'>contemplatione</span> <span class='ocrx_word' id='word_1_56' title='bbox 261 687 372 732; x_wconf 91' lang='lat' dir='ltr'>divinorum</span> <span class='ocrx_word' id='word_1_57' title='bbox 381 690 514 746; x_wconf 79' lang='lat' dir='ltr'>mysteriorum</span> <span class='ocrx_word' id='word_1_58' title='bbox 525 688 634 739; x_wconf 78' lang='lat' dir='ltr'>distentam,</span> <span class='ocrx_word' id='word_1_59' title='bbox 645 687 775 730; x_wconf 91' lang='lat' dir='ltr'>indesinenter</span> 
     </span>
     <span class='ocr_line' id='line_1_9' title="bbox 88 760 506 820; baseline 0.002 -17"><span class='ocrx_word' id='word_1_60' title='bbox 88 760 124 805; x_wconf 87' lang='lat' dir='ltr'>sibi</span> <span class='ocrx_word' id='word_1_61' title='bbox 131 761 222 805; x_wconf 79' lang='lat' dir='ltr'>habuisse</span> <span class='ocrx_word' id='word_1_62' title='bbox 230 762 319 819; x_wconf 87' lang='lat' dir='ltr'>spiritum</span> <span class='ocrx_word' id='word_1_63' title='bbox 327 777 411 820; x_wconf 80' lang='lat' dir='ltr'>nequam</span> <span class='ocrx_word' id='word_1_64' title='bbox 421 763 506 805; x_wconf 87' lang='lat' dir='ltr'>ascitum.</span> 
     </span>
    </p>

    <p class='ocr_par' dir='ltr' id='par_1_3' title="bbox 41 832 780 2144">
     <span class='ocr_line' id='line_1_10' title="bbox 126 832 774 894; baseline -0.003 -17"><span class='ocrx_word' id='word_1_65' title='bbox 126 834 212 877; x_wconf 81' lang='lat' dir='ltr'>Ulterior</span> <span class='ocrx_word' id='word_1_66' title='bbox 221 833 363 891; x_wconf 90' lang='lat' dir='ltr'>praedictorum</span> <span class='ocrx_word' id='word_1_67' title='bbox 371 835 507 893; x_wconf 82' lang='lat' dir='ltr'>consequentia</span> <span class='ocrx_word' id='word_1_68' title='bbox 515 841 549 886; x_wconf 92' lang='lat' dir='ltr'>est,</span> <span class='ocrx_word' id='word_1_69' title='bbox 557 833 610 894; x_wconf 90' lang='lat' dir='ltr'>quod</span> <span class='ocrx_word' id='word_1_70' title='bbox 619 832 695 876; x_wconf 88' lang='lat' dir='ltr'>admitti</span> <span class='ocrx_word' id='word_1_71' title='bbox 702 833 774 892; x_wconf 88' lang='lat' dir='ltr'>nequit,</span> 
     </span>
     <span class='ocr_line' id='line_1_11' title="bbox 89 907 776 967; baseline 0 -17"><span class='ocrx_word' id='word_1_72' title='bbox 89 907 151 951; x_wconf 80' lang='lat' dir='ltr'>“hanc</span> <span class='ocrx_word' id='word_1_73' title='bbox 162 907 308 967; x_wconf 88' lang='lat' dir='ltr'>deputationem</span> <span class='ocrx_word' id='word_1_74' title='bbox 319 908 361 952; x_wconf 84' lang='lat' dir='ltr'>fieri</span> <span class='ocrx_word' id='word_1_75' title='bbox 372 910 391 951; x_wconf 93' lang='lat' dir='ltr'><strong>A</strong></span> <span class='ocrx_word' id='word_1_76' title='bbox 402 909 536 953; x_wconf 86' lang='lat' dir='ltr'><strong>PRINCIPIO</strong></span> <span class='ocrx_word' id='word_1_77' title='bbox 549 908 746 953; x_wconf 80' lang='lat' dir='ltr'><strong>CONCEPTIONIS</strong></span> <span class='ocrx_word' id='word_1_78' title='bbox 757 915 776 951; x_wconf 94' lang='lat' dir='ltr'>et</span> 
     </span>
     <span class='ocr_line' id='line_1_12' title="bbox 89 981 776 1032; baseline 0 -9"><span class='ocrx_word' id='word_1_79' title='bbox 89 982 231 1032; x_wconf 87' lang='lat' dir='ltr'>animationis,&#39;&#39;</span> <span class='ocrx_word' id='word_1_80' title='bbox 249 989 271 1025; x_wconf 89' lang='lat' dir='ltr'>ut</span> <span class='ocrx_word' id='word_1_81' title='bbox 288 983 314 1025; x_wconf 88' lang='lat' dir='ltr'>ait</span> <span class='ocrx_word' id='word_1_82' title='bbox 331 983 448 1025; x_wconf 77' lang='lat' dir='ltr'><strong>SUAREZ³⁰</strong></span> <span class='ocrx_word' id='word_1_83' title='bbox 466 997 509 1026; x_wconf 90' lang='lat' dir='ltr'>cum</span> <span class='ocrx_word' id='word_1_84' title='bbox 525 982 592 1026; x_wconf 92' lang='lat' dir='ltr'>multis</span> <span class='ocrx_word' id='word_1_85' title='bbox 610 981 652 1025; x_wconf 90' lang='lat' dir='ltr'>aliis</span> <span class='ocrx_word' id='word_1_86' title='bbox 670 982 776 1025; x_wconf 88' lang='lat' dir='ltr'>sententiae</span> 
     </span>
     <span class='ocr_line' id='line_1_13' title="bbox 89 1053 776 1116; baseline -0.001 -18"><span class='ocrx_word' id='word_1_87' title='bbox 89 1054 214 1098; x_wconf 86' lang='lat' dir='ltr'>affirmativae</span> <span class='ocrx_word' id='word_1_88' title='bbox 221 1053 360 1100; x_wconf 87' lang='lat' dir='ltr'>defensoribus.</span> <span class='ocrx_word' id='word_1_89' title='bbox 368 1058 412 1099; x_wconf 86' lang='lat' dir='ltr'>Hac</span> <span class='ocrx_word' id='word_1_90' title='bbox 418 1064 518 1116; x_wconf 87' lang='lat' dir='ltr'>perspecta</span> <span class='ocrx_word' id='word_1_91' title='bbox 526 1056 644 1108; x_wconf 88' lang='lat' dir='ltr'>difficultate,</span> <span class='ocrx_word' id='word_1_92' title='bbox 652 1056 776 1101; x_wconf 82' lang='lat' dir='ltr'><strong>ANANIAS</strong></span> 
     </span>
     <span class='ocr_line' id='line_1_14' title="bbox 89 1127 776 1188; baseline 0 -18"><span class='ocrx_word' id='word_1_93' title='bbox 89 1127 207 1171; x_wconf 87' lang='lat' dir='ltr'>moderatius</span> <span class='ocrx_word' id='word_1_94' title='bbox 217 1135 274 1180; x_wconf 88' lang='lat' dir='ltr'>tenet,</span> <span class='ocrx_word' id='word_1_95' title='bbox 284 1128 388 1171; x_wconf 88' lang='lat' dir='ltr'>daemones</span> <span class='ocrx_word' id='word_1_96' title='bbox 396 1128 452 1173; x_wconf 92' lang='lat' dir='ltr'>nobis</span> <span class='ocrx_word' id='word_1_97' title='bbox 461 1130 550 1172; x_wconf 86' lang='lat' dir='ltr'>associari</span> <span class='ocrx_word' id='word_1_98' title='bbox 559 1130 611 1173; x_wconf 80' lang='lat' dir='ltr'>“iam</span> <span class='ocrx_word' id='word_1_99' title='bbox 619 1145 630 1172; x_wconf 87' lang='lat' dir='ltr'>a</span> <span class='ocrx_word' id='word_1_100' title='bbox 639 1130 702 1188; x_wconf 90' lang='lat' dir='ltr'>primo</span> <span class='ocrx_word' id='word_1_101' title='bbox 710 1135 776 1171; x_wconf 93' lang='lat' dir='ltr'>nostro</span> 
     </span>
     <span class='ocr_line' id='line_1_15' title="bbox 90 1199 777 1261; baseline 0.001 -18"><span class='ocrx_word' id='word_1_102' title='bbox 90 1208 134 1243; x_wconf 90' lang='lat' dir='ltr'>ortu</span> <span class='ocrx_word' id='word_1_103' title='bbox 144 1201 209 1244; x_wconf 90' lang='lat' dir='ltr'>statim</span> <span class='ocrx_word' id='word_1_104' title='bbox 221 1199 253 1260; x_wconf 88' lang='lat' dir='ltr'>(ut</span> <span class='ocrx_word' id='word_1_105' title='bbox 263 1201 329 1244; x_wconf 90' lang='lat' dir='ltr'>multis</span> <span class='ocrx_word' id='word_1_106' title='bbox 340 1200 414 1261; x_wconf 87' lang='lat' dir='ltr'>placet)</span> <span class='ocrx_word' id='word_1_107' title='bbox 425 1201 546 1261; x_wconf 87' lang='lat' dir='ltr'>corporibus,</span> <span class='ocrx_word' id='word_1_108' title='bbox 557 1204 578 1246; x_wconf 91' lang='lat' dir='ltr'>ni</span> <span class='ocrx_word' id='word_1_109' title='bbox 588 1202 732 1261; x_wconf 85' lang='lat' dir='ltr'>prohibeantur,</span> <span class='ocrx_word' id='word_1_110' title='bbox 743 1216 777 1244; x_wconf 91' lang='lat' dir='ltr'>no-</span> 
     </span>
     <span class='ocr_line' id='line_1_16' title="bbox 90 1274 777 1335; baseline 0.003 -20"><span class='ocrx_word' id='word_1_111' title='bbox 90 1275 151 1326; x_wconf 83' lang='lat' dir='ltr'>cituri,</span> <span class='ocrx_word' id='word_1_112' title='bbox 162 1274 237 1316; x_wconf 87' lang='lat' dir='ltr'>animae</span> <span class='ocrx_word' id='word_1_113' title='bbox 246 1288 291 1316; x_wconf 92' lang='lat' dir='ltr'>vero</span> <span class='ocrx_word' id='word_1_114' title='bbox 302 1289 342 1317; x_wconf 93' lang='lat' dir='ltr'>non</span> <span class='ocrx_word' id='word_1_115' title='bbox 353 1282 403 1327; x_wconf 86' lang='lat' dir='ltr'>ante,</span> <span class='ocrx_word' id='word_1_116' title='bbox 414 1290 473 1335; x_wconf 90' lang='lat' dir='ltr'>quam</span> <span class='ocrx_word' id='word_1_117' title='bbox 482 1274 538 1319; x_wconf 90' lang='lat' dir='ltr'>liberi</span> <span class='ocrx_word' id='word_1_118' title='bbox 548 1275 621 1320; x_wconf 87' lang='lat' dir='ltr'>arbitrii</span> <span class='ocrx_word' id='word_1_119' title='bbox 631 1275 731 1318; x_wconf 88' lang='lat' dir='ltr'>voluntate</span> <span class='ocrx_word' id='word_1_120' title='bbox 741 1289 777 1317; x_wconf 92' lang='lat' dir='ltr'>nos</span> 
     </span>
     <span class='ocr_line' id='line_1_17' title="bbox 90 1348 777 1408; baseline 0.003 -18"><span class='ocrx_word' id='word_1_121' title='bbox 90 1348 137 1406; x_wconf 90' lang='lat' dir='ltr'>regi,</span> <span class='ocrx_word' id='word_1_122' title='bbox 151 1348 264 1406; x_wconf 84' lang='lat' dir='ltr'>contingit..</span> <span class='ocrx_word' id='word_1_123' title='bbox 274 1383 277 1391; x_wconf 95' lang='lat'>.</span> <span class='ocrx_word' id='word_1_124' title='bbox 287 1349 326 1391; x_wconf 78' lang='lat'><em>.’&#39;³²</em></span> <span class='ocrx_word' id='word_1_125' title='bbox 341 1350 440 1402; x_wconf 87' lang='lat' dir='ltr'>Attamen,</span> <span class='ocrx_word' id='word_1_126' title='bbox 454 1364 495 1393; x_wconf 93' lang='lat' dir='ltr'>non</span> <span class='ocrx_word' id='word_1_127' title='bbox 508 1351 553 1394; x_wconf 88' lang='lat' dir='ltr'>licet</span> <span class='ocrx_word' id='word_1_128' title='bbox 566 1352 604 1394; x_wconf 89' lang='lat' dir='ltr'>huc</span> <span class='ocrx_word' id='word_1_129' title='bbox 617 1351 719 1408; x_wconf 83' lang='lat' dir='ltr'>paritatem</span> <span class='ocrx_word' id='word_1_130' title='bbox 733 1364 777 1393; x_wconf 88' lang='lat' dir='ltr'>cum</span> 
     </span>
     <span class='ocr_line' id='line_1_18' title="bbox 90 1420 778 1483; baseline 0.003 -20"><span class='ocrx_word' id='word_1_131' title='bbox 90 1421 177 1464; x_wconf 89' lang='lat' dir='ltr'>custodia</span> <span class='ocrx_word' id='word_1_132' title='bbox 185 1420 281 1464; x_wconf 89' lang='lat' dir='ltr'>bonorum</span> <span class='ocrx_word' id='word_1_133' title='bbox 290 1422 404 1480; x_wconf 74' lang='lat' dir='ltr'>angelorum</span> <span class='ocrx_word' id='word_1_134' title='bbox 413 1423 516 1467; x_wconf 88' lang='lat' dir='ltr'>adstruere</span> <span class='ocrx_word' id='word_1_135' title='bbox 525 1425 585 1476; x_wconf 88' lang='lat' dir='ltr'>Nam,</span> <span class='ocrx_word' id='word_1_136' title='bbox 594 1423 648 1483; x_wconf 89' lang='lat' dir='ltr'>quod</span> <span class='ocrx_word' id='word_1_137' title='bbox 657 1424 721 1481; x_wconf 84' lang='lat' dir='ltr'>angeli</span> <span class='ocrx_word' id='word_1_138' title='bbox 730 1431 778 1465; x_wconf 90' lang='lat' dir='ltr'>tute-</span> 
     </span>
     <span class='ocr_line' id='line_1_19' title="bbox 91 1494 778 1557; baseline 0.003 -20"><span class='ocrx_word' id='word_1_139' title='bbox 91 1494 140 1538; x_wconf 85' lang='lat' dir='ltr'>lares</span> <span class='ocrx_word' id='word_1_140' title='bbox 150 1494 206 1540; x_wconf 92' lang='lat' dir='ltr'>nobis</span> <span class='ocrx_word' id='word_1_141' title='bbox 215 1495 255 1538; x_wconf 87' lang='lat' dir='ltr'>iam</span> <span class='ocrx_word' id='word_1_142' title='bbox 265 1495 288 1540; x_wconf 90' lang='lat' dir='ltr'>ab</span> <span class='ocrx_word' id='word_1_143' title='bbox 298 1495 419 1541; x_wconf 87' lang='lat' dir='ltr'>incunabulis</span> <span class='ocrx_word' id='word_1_144' title='bbox 428 1504 503 1550; x_wconf 84' lang='lat' dir='ltr'>vacant,</span> <span class='ocrx_word' id='word_1_145' title='bbox 514 1499 600 1556; x_wconf 80' lang='lat' dir='ltr'>arguitur</span> <span class='ocrx_word' id='word_1_146' title='bbox 610 1513 634 1541; x_wconf 82' lang='lat' dir='ltr'>ex</span> <span class='ocrx_word' id='word_1_147' title='bbox 644 1513 673 1550; x_wconf 91' lang='lat' dir='ltr'>eo,</span> <span class='ocrx_word' id='word_1_148' title='bbox 683 1497 736 1557; x_wconf 91' lang='lat' dir='ltr'>quod</span> <span class='ocrx_word' id='word_1_149' title='bbox 746 1497 778 1540; x_wconf 89' lang='lat' dir='ltr'>isti</span> 
     </span>
     <span class='ocr_line' id='line_1_20' title="bbox 91 1568 778 1630; baseline 0.004 -20"><span class='ocrx_word' id='word_1_150' title='bbox 91 1570 192 1627; x_wconf 89' lang='lat' dir='ltr'>stipatores</span> <span class='ocrx_word' id='word_1_151' title='bbox 203 1568 276 1612; x_wconf 91' lang='lat' dir='ltr'>nedum</span> <span class='ocrx_word' id='word_1_152' title='bbox 288 1570 313 1614; x_wconf 88' lang='lat' dir='ltr'>ad</span> <span class='ocrx_word' id='word_1_153' title='bbox 324 1571 409 1614; x_wconf 89' lang='lat' dir='ltr'>virtuose</span> <span class='ocrx_word' id='word_1_154' title='bbox 421 1571 519 1630; x_wconf 89' lang='lat' dir='ltr'>agendum</span> <span class='ocrx_word' id='word_1_155' title='bbox 530 1579 549 1615; x_wconf 90' lang='lat' dir='ltr'>et</span> <span class='ocrx_word' id='word_1_156' title='bbox 560 1570 666 1615; x_wconf 91' lang='lat' dir='ltr'>vivendum</span> <span class='ocrx_word' id='word_1_157' title='bbox 677 1586 712 1615; x_wconf 90' lang='lat' dir='ltr'>nos</span> <span class='ocrx_word' id='word_1_158' title='bbox 725 1570 778 1614; x_wconf 87' lang='lat' dir='ltr'>adiu-</span> 
     </span>
     <span class='ocr_line' id='line_1_21' title="bbox 90 1643 778 1705; baseline 0.006 -22"><span class='ocrx_word' id='word_1_159' title='bbox 90 1649 143 1694; x_wconf 83' lang='lat' dir='ltr'>vant,</span> <span class='ocrx_word' id='word_1_160' title='bbox 151 1657 219 1687; x_wconf 82' lang='lat' dir='ltr'>verum</span> <span class='ocrx_word' id='word_1_161' title='bbox 227 1643 286 1686; x_wconf 91' lang='lat' dir='ltr'>etiam</span> <span class='ocrx_word' id='word_1_162' title='bbox 294 1658 359 1687; x_wconf 88' lang='lat' dir='ltr'>curam</span> <span class='ocrx_word' id='word_1_163' title='bbox 367 1646 546 1704; x_wconf 82' lang='lat' dir='ltr'>protectionemque.</span> <span class='ocrx_word' id='word_1_164' title='bbox 555 1646 630 1688; x_wconf 88' lang='lat' dir='ltr'>animae</span> <span class='ocrx_word' id='word_1_165' title='bbox 641 1645 670 1705; x_wconf 75' lang='lat' dir='ltr'>(v.</span> <span class='ocrx_word' id='word_1_166' title='bbox 680 1660 705 1704; x_wconf 84' lang='lat' dir='ltr'>g,</span> <span class='ocrx_word' id='word_1_167' title='bbox 713 1643 778 1705; x_wconf 88' lang='lat' dir='ltr'>quoad</span> 
     </span>
     <span class='ocr_line' id='line_1_22' title="bbox 92 1718 779 1778; baseline -0.001 -16"><span class='ocrx_word' id='word_1_168' title='bbox 92 1719 210 1778; x_wconf 88' lang='lat' dir='ltr'>baptismum</span> <span class='ocrx_word' id='word_1_169' title='bbox 224 1718 377 1778; x_wconf 89' lang='lat' dir='ltr'>suscipiendum)</span> <span class='ocrx_word' id='word_1_170' title='bbox 396 1726 415 1761; x_wconf 89' lang='lat' dir='ltr'>et</span> <span class='ocrx_word' id='word_1_171' title='bbox 429 1721 514 1778; x_wconf 90' lang='lat' dir='ltr'>corporis</span> <span class='ocrx_word' id='word_1_172' title='bbox 527 1726 603 1776; x_wconf 87' lang='lat' dir='ltr'>gerunt,</span> <span class='ocrx_word' id='word_1_173' title='bbox 617 1718 700 1778; x_wconf 92' lang='lat' dir='ltr'>ideoque</span> <span class='ocrx_word' id='word_1_174' title='bbox 714 1721 753 1761; x_wconf 89' lang='lat' dir='ltr'>iam</span> <span class='ocrx_word' id='word_1_175' title='bbox 768 1734 779 1761; x_wconf 91' lang='lat' dir='ltr'>a</span> 
     </span>
     <span class='ocr_line' id='line_1_23' title="bbox 92 1790 778 1852; baseline -0.001 -17"><span class='ocrx_word' id='word_1_176' title='bbox 92 1794 197 1835; x_wconf 83' lang='lat' dir='ltr'>nativitate.</span> <span class='ocrx_word' id='word_1_177' title='bbox 214 1794 242 1834; x_wconf 81' lang='lat' dir='ltr'>Ex</span> <span class='ocrx_word' id='word_1_178' title='bbox 253 1792 313 1835; x_wconf 90' lang='lat' dir='ltr'>altera</span> <span class='ocrx_word' id='word_1_179' title='bbox 321 1799 382 1852; x_wconf 84' lang='lat' dir='ltr'>parte,</span> <span class='ocrx_word' id='word_1_180' title='bbox 393 1807 433 1834; x_wconf 94' lang='lat' dir='ltr'>non</span> <span class='ocrx_word' id='word_1_181' title='bbox 442 1791 519 1836; x_wconf 90' lang='lat' dir='ltr'>videtur</span> <span class='ocrx_word' id='word_1_182' title='bbox 528 1790 618 1835; x_wconf 85' lang='lat' dir='ltr'>Ananiae</span> <span class='ocrx_word' id='word_1_183' title='bbox 627 1792 778 1844; x_wconf 90' lang='lat' dir='ltr'>concedendum,</span> 
     </span>
     <span class='ocr_line' id='line_1_24' title="bbox 92 1864 779 1923; baseline 0 -16"><span class='ocrx_word' id='word_1_184' title='bbox 92 1866 196 1908; x_wconf 89' lang='lat' dir='ltr'>daemones</span> <span class='ocrx_word' id='word_1_185' title='bbox 205 1864 230 1908; x_wconf 93' lang='lat' dir='ltr'>ad</span> <span class='ocrx_word' id='word_1_186' title='bbox 239 1864 332 1923; x_wconf 87' lang='lat' dir='ltr'>adeptum</span> <span class='ocrx_word' id='word_1_187' title='bbox 339 1880 400 1923; x_wconf 90' lang='lat' dir='ltr'>usque</span> <span class='ocrx_word' id='word_1_188' title='bbox 408 1880 465 1908; x_wconf 92' lang='lat' dir='ltr'>usum</span> <span class='ocrx_word' id='word_1_189' title='bbox 474 1868 553 1909; x_wconf 92' lang='lat' dir='ltr'>rationis</span> <span class='ocrx_word' id='word_1_190' title='bbox 562 1867 618 1910; x_wconf 90' lang='lat' dir='ltr'>nobis</span> <span class='ocrx_word' id='word_1_191' title='bbox 627 1864 731 1909; x_wconf 87' lang='lat' dir='ltr'>adhaerere</span> <span class='ocrx_word' id='word_1_192' title='bbox 740 1880 779 1907; x_wconf 90' lang='lat' dir='ltr'>cor-</span> 
     </span>
     <span class='ocr_line' id='line_1_25' title="bbox 41 1937 780 1999; baseline 0.001 -19"><span class='ocrx_word' id='word_1_193' title='bbox 41 1950 43 1953; x_wconf 87' lang='lat'>·</span> <span class='ocrx_word' id='word_1_194' title='bbox 92 1939 135 1997; x_wconf 90' lang='lat' dir='ltr'>pori</span> <span class='ocrx_word' id='word_1_195' title='bbox 145 1938 248 1989; x_wconf 91' lang='lat' dir='ltr'>nocituros,</span> <span class='ocrx_word' id='word_1_196' title='bbox 258 1952 302 1981; x_wconf 95' lang='lat' dir='ltr'>cum</span> <span class='ocrx_word' id='word_1_197' title='bbox 311 1937 366 1981; x_wconf 86' lang='lat' dir='ltr'>nulla</span> <span class='ocrx_word' id='word_1_198' title='bbox 377 1938 471 1982; x_wconf 89' lang='lat' dir='ltr'>sufficiens</span> <span class='ocrx_word' id='word_1_199' title='bbox 481 1939 536 1991; x_wconf 88' lang='lat' dir='ltr'>ratio,</span> <span class='ocrx_word' id='word_1_200' title='bbox 546 1940 658 1998; x_wconf 90' lang='lat' dir='ltr'>praesertim</span> <span class='ocrx_word' id='word_1_201' title='bbox 668 1954 703 1999; x_wconf 90' lang='lat' dir='ltr'>pro</span> <span class='ocrx_word' id='word_1_202' title='bbox 714 1939 780 1983; x_wconf 85' lang='lat' dir='ltr'>divina</span> 
     </span>
     <span class='ocr_line' id='line_1_26' title="bbox 93 2011 780 2070; baseline 0.001 -16"><span class='ocrx_word' id='word_1_203' title='bbox 93 2013 219 2069; x_wconf 91' lang='lat' dir='ltr'>permissione</span> <span class='ocrx_word' id='word_1_204' title='bbox 226 2011 360 2069; x_wconf 86' lang='lat' dir='ltr'>supponenda,</span> <span class='ocrx_word' id='word_1_205' title='bbox 370 2011 487 2070; x_wconf 89' lang='lat' dir='ltr'>suppeditet;</span> <span class='ocrx_word' id='word_1_206' title='bbox 497 2012 522 2056; x_wconf 85' lang='lat' dir='ltr'>ad</span> <span class='ocrx_word' id='word_1_207' title='bbox 530 2013 641 2056; x_wconf 84' lang='lat' dir='ltr'>exercitium</span> <span class='ocrx_word' id='word_1_208' title='bbox 649 2012 729 2057; x_wconf 89' lang='lat' dir='ltr'>inbono</span> <span class='ocrx_word' id='word_1_209' title='bbox 738 2013 780 2055; x_wconf 93' lang='lat' dir='ltr'>nul-</span> 
     </span>
     <span class='ocr_line' id='line_1_27' title="bbox 93 2083 779 2144; baseline 0.004 -18"><span class='ocrx_word' id='word_1_210' title='bbox 93 2084 166 2127; x_wconf 92' lang='lat' dir='ltr'>limode</span> <span class='ocrx_word' id='word_1_211' title='bbox 176 2091 230 2135; x_wconf 87' lang='lat' dir='ltr'>esset,</span> <span class='ocrx_word' id='word_1_212' title='bbox 241 2083 274 2127; x_wconf 92' lang='lat' dir='ltr'>sed</span> <span class='ocrx_word' id='word_1_213' title='bbox 284 2086 348 2144; x_wconf 89' lang='lat' dir='ltr'>potius</span> <span class='ocrx_word' id='word_1_214' title='bbox 359 2084 384 2127; x_wconf 89' lang='lat' dir='ltr'>ad</span> <span class='ocrx_word' id='word_1_215' title='bbox 393 2084 511 2128; x_wconf 87' lang='lat' dir='ltr'>daemonum</span> <span class='ocrx_word' id='word_1_216' title='bbox 520 2087 606 2129; x_wconf 88' lang='lat' dir='ltr'>malitiae</span> <span class='ocrx_word' id='word_1_217' title='bbox 616 2085 779 2129; x_wconf 77' lang='lat' dir='ltr'>satisfaciendum.</span> 
     </span>
    </p>

    <p class='ocr_par' dir='ltr' id='par_1_4' title="bbox 93 2157 781 2516">
     <span class='ocr_line' id='line_1_28' title="bbox 133 2157 781 2219; baseline 0 -18"><span class='ocrx_word' id='word_1_218' title='bbox 133 2157 156 2218; x_wconf 82' lang='lat'>2)</span> <span class='ocrx_word' id='word_1_219' title='bbox 176 2158 242 2201; x_wconf 85' lang='lat' dir='ltr'>Etiam</span> <span class='ocrx_word' id='word_1_220' title='bbox 256 2159 291 2201; x_wconf 89' lang='lat' dir='ltr'>De</span> <span class='ocrx_word' id='word_1_221' title='bbox 306 2157 390 2201; x_wconf 88' lang='lat' dir='ltr'>Adultis</span> <span class='ocrx_word' id='word_1_222' title='bbox 405 2169 426 2201; x_wconf 88' lang='lat' dir='ltr'>er</span> <span class='ocrx_word' id='word_1_223' title='bbox 441 2158 494 2202; x_wconf 87' lang='lat' dir='ltr'>Solis</span> <span class='ocrx_word' id='word_1_224' title='bbox 510 2157 614 2203; x_wconf 87' lang='lat' dir='ltr'>Fidelibus</span> <span class='ocrx_word' id='word_1_225' title='bbox 629 2160 691 2219; x_wconf 89' lang='lat' dir='ltr'>iisque</span> <span class='ocrx_word' id='word_1_226' title='bbox 706 2160 781 2203; x_wconf 86' lang='lat' dir='ltr'>ratione</span> 
     </span>
     <span class='ocr_line' id='line_1_29' title="bbox 93 2231 781 2294; baseline 0.003 -21"><span class='ocrx_word' id='word_1_227' title='bbox 93 2231 191 2275; x_wconf 88' lang='lat' dir='ltr'>utentibus</span> <span class='ocrx_word' id='word_1_228' title='bbox 202 2231 307 2290; x_wconf 88' lang='lat' dir='ltr'>loquendo,</span> <span class='ocrx_word' id='word_1_229' title='bbox 319 2233 447 2290; x_wconf 90' lang='lat' dir='ltr'>incongruum</span> <span class='ocrx_word' id='word_1_230' title='bbox 457 2231 539 2275; x_wconf 87' lang='lat' dir='ltr'>videtur.</span> <span class='ocrx_word' id='word_1_231' title='bbox 551 2234 632 2285; x_wconf 89' lang='lat' dir='ltr'>Etenim,</span> <span class='ocrx_word' id='word_1_232' title='bbox 643 2234 713 2277; x_wconf 90' lang='lat' dir='ltr'>horum</span> <span class='ocrx_word' id='word_1_233' title='bbox 724 2234 781 2294; x_wconf 92' lang='lat' dir='ltr'>pleri-</span> 
     </span>
     <span class='ocr_line' id='line_1_30' title="bbox 95 2304 781 2368; baseline 0.003 -20"><span class='ocrx_word' id='word_1_234' title='bbox 95 2321 132 2365; x_wconf 89' lang='lat' dir='ltr'>que</span> <span class='ocrx_word' id='word_1_235' title='bbox 147 2313 191 2349; x_wconf 90' lang='lat' dir='ltr'>sunt</span> <span class='ocrx_word' id='word_1_236' title='bbox 205 2307 225 2349; x_wconf 91' lang='lat' dir='ltr'>in</span> <span class='ocrx_word' id='word_1_237' title='bbox 239 2306 310 2349; x_wconf 90' lang='lat' dir='ltr'>virtute</span> <span class='ocrx_word' id='word_1_238' title='bbox 324 2304 430 2350; x_wconf 88' lang='lat' dir='ltr'>admodum</span> <span class='ocrx_word' id='word_1_239' title='bbox 444 2305 523 2360; x_wconf 88' lang='lat' dir='ltr'>debiles,</span> <span class='ocrx_word' id='word_1_240' title='bbox 538 2315 558 2351; x_wconf 90' lang='lat' dir='ltr'>et</span> <span class='ocrx_word' id='word_1_241' title='bbox 571 2322 606 2367; x_wconf 92' lang='lat' dir='ltr'>per</span> <span class='ocrx_word' id='word_1_242' title='bbox 620 2309 692 2368; x_wconf 84' lang='lat' dir='ltr'>seipsos</span> <span class='ocrx_word' id='word_1_243' title='bbox 707 2309 781 2352; x_wconf 90' lang='lat' dir='ltr'>ratione</span> 
     </span>
     <span class='ocr_line' id='line_1_31' title="bbox 94 2379 781 2443; baseline 0.007 -22"><span class='ocrx_word' id='word_1_244' title='bbox 94 2380 260 2440; x_wconf 85' lang='lat' dir='ltr'>concupiscentiae</span> <span class='ocrx_word' id='word_1_245' title='bbox 275 2380 300 2423; x_wconf 89' lang='lat' dir='ltr'>ad</span> <span class='ocrx_word' id='word_1_246' title='bbox 317 2388 417 2440; x_wconf 90' lang='lat' dir='ltr'>peccatum</span> <span class='ocrx_word' id='word_1_247' title='bbox 433 2379 490 2424; x_wconf 90' lang='lat' dir='ltr'>valde</span> <span class='ocrx_word' id='word_1_248' title='bbox 507 2381 608 2441; x_wconf 87' lang='lat' dir='ltr'>proclives.</span> <span class='ocrx_word' id='word_1_249' title='bbox 625 2382 685 2438; x_wconf 87' lang='lat' dir='ltr'>Quod</span> <span class='ocrx_word' id='word_1_250' title='bbox 702 2381 781 2443; x_wconf 91' lang='lat' dir='ltr'>quidem</span> 
     </span>
     <span class='ocr_line' id='line_1_32' title="bbox 93 2448 781 2516; baseline 0.009 -22"><span class='ocrx_word' id='word_1_251' title='bbox 93 2453 178 2496; x_wconf 82' lang='lat' dir='ltr'>maxime</span> <span class='ocrx_word' id='word_1_252' title='bbox 189 2454 209 2495; x_wconf 93' lang='lat' dir='ltr'>in</span> <span class='ocrx_word' id='word_1_253' title='bbox 221 2454 345 2512; x_wconf 89' lang='lat' dir='ltr'>psychologia</span> <span class='ocrx_word' id='word_1_254' title='bbox 357 2452 485 2508; x_wconf 86' lang='lat' dir='ltr'>recidivorum</span> <span class='ocrx_word' id='word_1_255' title='bbox 497 2462 582 2516; x_wconf 85' lang='lat' dir='ltr'>apparet.</span> <span class='ocrx_word' id='word_1_256' title='bbox 595 2457 618 2498; x_wconf 93' lang='lat' dir='ltr'>ln</span> <span class='ocrx_word' id='word_1_257' title='bbox 629 2448 741 2501; x_wconf 86' lang='lat' dir='ltr'>huiusmodi</span> <span class='ocrx_word' id='word_1_258' title='bbox 753 2470 781 2500; x_wconf 90' lang='lat' dir='ltr'>ra-</span> 
     </span>
    </p>
   </div>
   <div class='ocr_carea' id='block_1_3' title="bbox 62 2588 779 2718">
    <p class='ocr_par' dir='ltr' id='par_1_5' title="bbox 62 2588 779 2718">
     <span class='ocr_line' id='line_1_33' title="bbox 136 2588 445 2630; baseline 0 -6"><span class='ocrx_word' id='word_1_259' title='bbox 136 2594 160 2625; x_wconf 78' lang='lat'>30.</span> <span class='ocrx_word' id='word_1_260' title='bbox 171 2592 195 2623; x_wconf 83' lang='lat' dir='ltr'>De</span> <span class='ocrx_word' id='word_1_261' title='bbox 206 2588 273 2629; x_wconf 78' lang='lat' dir='ltr'>Angelis,</span> <span class='ocrx_word' id='word_1_262' title='bbox 285 2594 294 2622; x_wconf 86' lang='lat'>8</span> <span class='ocrx_word' id='word_1_263' title='bbox 306 2594 323 2623; x_wconf 84' lang='lat'>21</span> <span class='ocrx_word' id='word_1_264' title='bbox 336 2594 389 2630; x_wconf 71' lang='lat'>3231).</span> <span class='ocrx_word' id='word_1_265' title='bbox 402 2595 445 2627; x_wconf 79' lang='lat'>1098.</span> 
     </span>
     <span class='ocr_line' id='line_1_34' title="bbox 62 2631 779 2677; baseline 0.007 -13"><span class='ocrx_word' id='word_1_266' title='bbox 62 2637 64 2640; x_wconf 76' lang='grc'>’</span> <span class='ocrx_word' id='word_1_267' title='bbox 136 2636 160 2668; x_wconf 80' lang='lat'>31.</span> <span class='ocrx_word' id='word_1_268' title='bbox 171 2634 193 2665; x_wconf 90' lang='lat' dir='ltr'>Io.</span> <span class='ocrx_word' id='word_1_269' title='bbox 202 2633 245 2664; x_wconf 83' lang='lat' dir='ltr'>Laut.</span> <span class='ocrx_word' id='word_1_270' title='bbox 255 2631 326 2672; x_wconf 82' lang='lat' dir='ltr'>Ananias,</span> <span class='ocrx_word' id='word_1_271' title='bbox 334 2633 359 2666; x_wconf 80' lang='lat' dir='ltr'>De</span> <span class='ocrx_word' id='word_1_272' title='bbox 368 2633 427 2666; x_wconf 78' lang='lat' dir='ltr'>Natura</span> <span class='ocrx_word' id='word_1_273' title='bbox 435 2635 529 2667; x_wconf 72' lang='lat' dir='ltr'>Damnum</span> <span class='ocrx_word' id='word_1_274' title='bbox 541 2634 574 2676; x_wconf 78' lang='lat' dir='ltr'>(ap.</span> <span class='ocrx_word' id='word_1_275' title='bbox 583 2633 644 2675; x_wconf 85' lang='lat' dir='ltr'>Aldum,</span> <span class='ocrx_word' id='word_1_276' title='bbox 654 2636 721 2669; x_wconf 84' lang='lat' dir='ltr'>Veneriis</span> <span class='ocrx_word' id='word_1_277' title='bbox 732 2636 779 2677; x_wconf 74' lang='lat'>1589)</span> 
     </span>
     <span class='ocr_line' id='line_1_35' title="bbox 96 2673 716 2718; baseline 0.005 -11"><span class='ocrx_word' id='word_1_278' title='bbox 96 2677 122 2714; x_wconf 77' lang='lat'>363</span> <span class='ocrx_word' id='word_1_279' title='bbox 131 2677 176 2708; x_wconf 90' lang='lat' dir='ltr'>etiam</span> <span class='ocrx_word' id='word_1_280' title='bbox 183 2673 246 2708; x_wconf 83' lang='lat' dir='ltr'>habetur</span> <span class='ocrx_word' id='word_1_281' title='bbox 254 2676 270 2706; x_wconf 94' lang='lat' dir='ltr'>in</span> <span class='ocrx_word' id='word_1_282' title='bbox 278 2674 335 2708; x_wconf 80' lang='lat' dir='ltr'>Malleo</span> <span class='ocrx_word' id='word_1_283' title='bbox 343 2674 449 2717; x_wconf 71' lang='lat' dir='ltr'>Maleficarum,</span> <span class='ocrx_word' id='word_1_284' title='bbox 459 2679 473 2709; x_wconf 92' lang='lat'>11</span> <span class='ocrx_word' id='word_1_285' title='bbox 484 2676 562 2717; x_wconf 87' lang='lat' dir='ltr'>(Lugduni</span> <span class='ocrx_word' id='word_1_286' title='bbox 571 2677 619 2718; x_wconf 82' lang='lat'>1669)</span> <span class='ocrx_word' id='word_1_287' title='bbox 631 2682 645 2711; x_wconf 86' lang='lat'>2.</span> <span class='ocrx_word' id='word_1_288' title='bbox 714 2688 716 2690; x_wconf 89' lang='lat'>·</span> 
     </span>
    </p>
   </div>
   <div class='ocr_carea' id='block_1_4' title="bbox 0 0 831 3045">
    <p class='ocr_par' dir='ltr' id='par_1_6' title="bbox 0 0 831 3045">
     <span class='ocr_line' id='line_1_36' title="bbox 0 0 831 3045; baseline 0 0"><span class='ocrx_word' id='word_1_289' title='bbox 0 0 831 3045; x_wconf 95' lang='lat' dir='ltr'> </span> 
     </span>
    </p>
   </div>
  </div>
 </body>
</html>
