1633 3045
80 91 101 124 18
279 86 309 123 Da
321 86 449 124 siuoumauu
461 86 564 123 Homuun

118 212 178 269 Quod
192 211 218 255 ad
232 211 340 255 doctrinam
353 218 417 255 textus
430 212 483 255 citati
498 211 581 269 attingit,
595 209 671 254 videtur
686 209 766 253 omnino

78 285 190 344 negandum
199 286 313 328 sententiam
322 284 347 328 de
355 286 434 344 proprio
444 284 539 329 daemone
547 284 617 328 exinde
626 283 696 328 fulciri.
705 285 766 334 Nam,

79 358 133 417 quod
143 359 164 401 in
175 358 226 401 dicto
237 357 281 401 loco
293 360 414 417 proponitur,
425 358 475 401 nihil
486 349 540 402 aliud
551 365 579 401 est
589 371 649 418 quam
659 357 767 401 communis

80 431 167 476 doctrina
177 431 285 484 christiana,
296 432 336 475 iam
346 439 403 476 antea
413 433 434 476 in
443 429 533 476 Didaaha
540 430 648 491 proposita,
659 429 684 475 de
694 430 767 491 duplici

79 507 117 558 via,
130 506 214 549 iustitiae
227 518 298 565 nempe
311 512 330 549 et
343 505 455 565 iniquitatis.
468 508 501 550 Ne
513 520 553 548 una
565 505 635 549 vocula
648 503 728 564 quidem
740 503 767 549 ibi

80 579 193 630 insinuatur,
205 577 283 623 cuilibet
294 579 370 622 homini
381 579 485 624 adhaerere
496 580 596 639 proprium
607 579 723 623 daemonem
733 579 769 626 im·

81 660 210 711 pugnatorem
221 652 255 696 sed
266 667 319 696 mere
329 652 441 712 perhibetur
452 660 530 697 satanae
541 652 635 712 praelatio
648 665 705 712 super
716 653 769 695 viarn

81 724 209 769 tenebrarum.
218 749 245 755 —
254 727 277 769 Et
286 724 310 769 de
319 727 357 770 hoc
366 734 395 771 sat
403 726 480 770 uidetur
488 726 566 770 dictum.

121 813 143 872 ὃ)
166 812 237 869 Logice
255 825 306 853 nunc
325 811 410 870 sequitur
428 811 560 853 testimonium
578 808 710 861 ORlGENlS,
728 808 768 868 qui,

82 885 195 928 auctoritate
208 882 269 926 lretus
281 885 367 926 Hermae
380 890 399 925 et
411 883 509 942 Epistulae
521 881 627 934 Barnabae,
638 879 769 926 indubitanter

83 960 197 1002 sententiam
209 956 343 1000 affirmativam
355 954 464 999 defensitat.
482 955 553 999 Multis
565 956 617 999 eninr
628 956 649 998 in
660 955 708 998 locis
718 969 769 998 corn·

82 1038 178 1075 memorat
191 1031 241 1074 hanc
255 1030 375 1081 sententiam,
389 1044 448 1089 quam
461 1044 507 1073 vero
521 1030 583 1088 magis
598 1028 730 1073 secundariam
742 1028 770 1071 vi·

84 1104 139 1148 detur
153 1102 279 1154 considerare,
294 1103 410 1162 inquantum
424 1118 467 1146 earn
481 1102 508 1147 ibi
522 1101 584 1155 affert,
598 1102 632 1147 ubi
645 1116 770 1150 communem

83 1177 139 1220 illam
150 1176 174 1220 de
186 1175 258 1235 duplici
269 1176 301 1219 via
312 1175 419 1219 doctrinam
429 1175 472 1219 vult
482 1175 584 1219 illustrare.
596 1178 641 1219 Hoc
652 1182 705 1235 patet
717 1189 770 1234 prae-

84 1251 150 1294 sertim
159 1252 179 1293 in
188 1250 238 1293 libro
248 1247 272 1292 de
282 1248 404 1307 Principiir,¹⁵
415 1248 449 1293 ubi
458 1249 561 1301 luctamen,
572 1249 626 1309 quod
636 1247 727 1292 adversus
737 1262 771 1308 po-

84 1330 161 1367 testates
173 1321 295 1366 tenebrarum
305 1321 413 1381 gerendum
423 1320 522 1375 habemus,
535 1321 630 1375 describit,
643 1329 707 1381 atque,
719 1336 771 1365 ener-

84 1397 127 1454 gice
142 1395 277 1439 contendendo
293 1410 334 1438 non
349 1396 416 1439 omnia
431 1403 509 1455 peccata
524 1397 615 1439 instinctu
632 1395 705 1440 diaboli
721 1408 771 1438 com·

85 1471 142 1522 mitti,
157 1469 245 1513 concedit
260 1468 326 1528 “quod
339 1484 386 1512 vero
401 1471 460 1512 etiam
474 1482 509 1528 per
524 1470 603 1528 angelos
617 1471 649 1512 vel
663 1469 725 1514 bonos
740 1469 771 1511 vel

84 1543 146 1586 malos
156 1543 221 1602 aliqua
228 1543 318 1586 humanis
326 1542 416 1588 cordibus
424 1544 568 1601 suggerantur,'’
578 1551 597 1586 et
605 1543 642 1586 hoc
650 1542 721 1587 deinde
729 1543 772 1586 illu·

86 1623 132 1660 strat
146 1615 223 1659 citando
237 1618 335 1660 Pastorem
350 1617 436 1659 Hermae
449 1623 468 1659 et
481 1615 587 1676 Epistolaaz
602 1614 708 1659 Barnabae.
729 1617 772 1669 Ast,

86 1689 135 1731 nihil
143 1689 223 1732 omnino
232 1690 273 1747 ipse
282 1689 329 1731 dicit
337 1689 361 1731 de
369 1676 442 1748 duplici
450 1691 487 1732 isto
495 1690 560 1748 genio,
569 1689 603 1732 sed
611 1691 677 1749 potius
684 1692 705 1732 in
714 1690 773 1733 aliam

86 1769 166 1821 partem,
177 1762 201 1805 de
211 1761 284 1820 duplici
293 1762 356 1820 specie
365 1763 511 1820 cogitationum,
520 1762 616 1807 bonarum
624 1776 695 1821 nempe
705 1770 724 1806 et
733 1776 773 1806 ma·

86 1835 155 1886 larum,
164 1834 189 1878 de
197 1834 270 1894 duplici
277 1836 315 1887 via,
324 1835 371 1878 lucis
381 1834 451 1879 scilicet
459 1842 478 1879 et
485 1835 608 1880 tenebrarum
616 1835 705 1888 intendit,
714 1850 774 1896 quam

87 1907 195 1951 doctrinam
207 1908 250 1950 vult
263 1909 347 1967 praecise
360 1908 461 1952 affirmare.
482 1911 537 1953 Haec
551 1907 659 1953 observatio
673 1924 697 1953 ex
710 1923 735 1953 eo
746 1910 774 1952 vi-

88 1981 143 2025 detur
153 1982 240 2033 colorari,
251 1981 303 2041 quod
314 1981 366 2041 apud
376 1982 490 2035 Barnabam,
501 1991 523 2026 ut
532 1981 622 2035 vidimus,
633 1997 673 2026 non
683 1985 774 2043 proponi-

87 2062 118 2097 tur
128 2055 165 2097 nisi
175 2055 262 2097 doctrina
271 2054 295 2097 de
305 2055 378 2113 duplici
388 2057 424 2098 via.
442 2058 499 2098 Hanc
509 2071 555 2113 ergo
566 2056 674 2099 doctrinam
683 2058 720 2098 hoc
730 2057 773 2098 loco

88 2141 112 2169 ex
124 2125 212 2185 professo
225 2125 283 2169 tradit
296 2127 397 2185 Origenes,
410 2126 465 2171 illam
477 2143 523 2170 vero
537 2127 562 2171 de
575 2127 648 2187 duplici
661 2128 731 2187 angelo
745 2144 774 2173 so-

87 2203 188 2247 lummodo
196 2204 253 2247 tacite
261 2204 361 2263 approbat.
376 2205 434 2248 Unde
443 2207 534 2264 sequitur,
542 2219 578 2248 nos
586 2219 626 2248 non
635 2207 725 2265 amplecti
733 2222 774 2249 sen·

88 2280 168 2323 tentiam
181 2278 366 2331 GAZZrlNlGA,¹6
379 2282 466 2340 quivult
479 2282 586 2339 Origenem
597 2282 618 2324 in
630 2281 774 2343 interpretando

89 2372 166 2401 sensum
177 2355 277 2402 Barnabae
290 2372 313 2401 ex
325 2358 443 2416 praeiudicio
455 2359 480 2402 ad
493 2374 547 2403 suam
560 2359 673 2419 opinionem
685 2359 710 2406 de
722 2362 775 2406 malo

89 2436 146 2493 genio
156 2436 231 2479 homini
242 2434 358 2479 adhaerente
368 2435 521 2481 confirmandam
532 2436 594 2497 decipi
605 2439 695 2497 potuisse.

88 2531 149 2538 -α

131 2585 155 2615 15.
168 2581 246 2621 Origenes,
260 2579 279 2612 de
291 2581 370 2621 Principiis
383 2580 430 2611 (neat
441 2581 494 2613 togae)
506 2587 515 2619 3
529 2588 538 2616 2
555 2581 595 2624 (PG.
609 2587 627 2617 11
641 2583 687 2624 305),

132 2624 155 2655 16,
164 2622 211 2655 Praei.
221 2620 278 2662 Theal,
288 2625 310 2656 tv
320 2623 355 2656 diss,
366 2628 373 2656 1
384 2634 396 2656 c.
407 2628 425 2660 19
435 2636 450 2657 n,
460 2626 494 2661 304,
