1657 3045
242 132 311 168 'Inusx
321 129 444 167 Arvntvncus
672 135 691 163 Χῖ

627 255 691 296 Paginaa

252 322 278 364 ΙΙ.
291 321 321 363 Ex
333 322 392 364 Parte
403 321 445 363 Dei

44 447 115 493 Nodus
125 447 184 490 totius
194 446 319 506 quaestionis:
332 444 431 505 quomodo
442 460 465 487 se
471 444 541 488 habeat
551 445 606 486 Deus

6 518 31 563 ad
43 519 85 569 hoc,
98 515 152 574 quod
164 514 236 572 singuli
248 514 352 556 daemones
366 513 446 571 singulis
458 513 568 556 hominibus
582 512 606 554 ad

7 586 80 629 malum
95 580 221 625 sollicitandis
234 588 310 634 vacent;
325 579 422 640 duplicem
437 588 500 640 potest
514 578 560 622 dare
574 593 607 639 po·
637 597 639 599 ·

8 653 92 702 tentiam,
105 650 136 692 vel
148 650 252 708 positivam
263 649 295 691 vel
307 649 417 706 negativam
430 663 464 691 seu
475 648 608 707 permissivam
622 648 653 698 68,
667 647 692 693 69

48 750 65 786 1.
79 745 150 786 Utrum
163 743 218 784 Deus
232 743 293 800 possit
307 741 344 784 dici
358 742 399 800 ipse
413 742 531 784 POSITIVE
546 739 609 783 tacere

78 810 149 855 dictam
161 809 279 853 daemonum
292 809 443 869 deputationem,
457 810 532 852 etiamsi
544 809 607 852 solum

78 879 180 921 hominum
190 876 264 921 bonum
275 875 370 920 intendat:
383 875 510 940 respondetur
520 877 609 935 negative
623 877 654 927 69,
669 880 693 920 75

48 979 65 1015 2.
79 970 217 1015 Consideratur
229 970 322 1014 alternata
333 969 456 1029 possibilitas,
469 967 544 1028 nempe,
557 967 610 1028 quod

79 1040 134 1081 Deus
144 1053 197 1081 mere
208 1038 367 1091 PERMITTAT,
379 1045 400 1081 ut
411 1039 452 1097 ipse
463 1037 610 1080 daemoniorum

80 1109 169 1167 princeps
187 1122 232 1150 suos
249 1107 341 1150 satellites
359 1107 470 1150 hominibus
489 1106 610 1164 singulariter

81 1176 168 1236 deputet;
182 1174 270 1219 absolute
282 1182 301 1218 et
313 1175 338 1218 de
351 1176 392 1218 solo
405 1174 492 1236 possibili
505 1174 610 1234 loquendo,

80 1243 162 1288 libenter
174 1242 290 1295 conceditur,
304 1242 343 1295 sed,
356 1242 462 1287 rationibus
474 1243 611 1300 congruentiae

81 1312 185 1371 perpensis,
198 1311 261 1370 placet
272 1312 361 1369 negative
373 1310 495 1369 respondere,
507 1312 573 1353 Deum
584 1312 611 1353 ita

81 1378 106 1423 de
116 1377 168 1422 lacto
179 1393 235 1437 agere
249 1412 606 1422 ............................
624 1383 648 1424 73
656 1404 663 1409 -
671 1383 695 1422 77

215 1569 252 1611 ΙΙΙ.
264 1568 294 1609 Ex
305 1568 365 1610 Parte
377 1567 492 1611 Hominum

82 1698 211 1757 Inspiciuntur
224 1697 369 1741 convenientiae
382 1704 495 1756 argumenta
508 1704 527 1741 et

52 1772 68 1808 1.
83 1767 181 1820 QUOrlD
193 1766 293 1809 PUEROS
306 1773 325 1807 et
338 1767 463 1809 AMENTES
476 1772 558 1823 negatur
570 1765 612 1807 fieri

83 1836 142 1875 talem
156 1833 273 1875 daemonum
286 1832 438 1890 deputationem,
451 1832 535 1891 ideoque
548 1846 612 1875 conse·

83 1908 163 1958 quenter
174 1901 239 1943 locum
249 1914 289 1942 non
299 1900 357 1943 habet
367 1902 407 1942 iam
417 1900 441 1943 ab
451 1902 493 1958 ipsa
503 1902 612 1952 nativitate;

83 1982 118 2011 nec
131 1968 260 2011 CHRISTUS
270 1982 305 2011 nec
318 1969 339 2010 B.
352 1969 381 2011 M.
394 1970 420 2011 V.
432 1967 500 2011 habuit
513 1969 613 2027 proprium

83 2034 199 2080 daemonem
212 2037 367 2096 impugnatorem
371 2052 376 2089 ;
390 2037 429 2080 iam
442 2051 466 2080 ex
479 2037 531 2080 hisce
544 2036 613 2080 limita·

84 2104 168 2148 tionibus
182 2104 314 2148 universalitas
329 2106 387 2147 thesis
403 2103 528 2148 affirmativae
543 2106 614 2148 corruit
628 2112 659 2157 77,
673 2112 697 2150 78

52 2202 69 2240 2.
84 2199 147 2241 Etiam
165 2199 264 2254 QUOAD
283 2199 386 2242 FIDELES
404 2199 530 2243 ADULTOS
549 2200 614 2242 incon·

83 2279 154 2322 gruum
163 2264 238 2308 videtur
252 2299 609 2310 ............................
628 2273 698 2312 78-80

243 2454 468 2499 RECAPITULATIO

72 2590 190 2649 Conspectus
209 2591 304 2649 generalis
324 2592 382 2633 totius
402 2591 517 2634 evolutionis
537 2593 615 2635 huiusce

84 2659 202 2717 quaestionis
215 2693 611 2703 ...............................
629 2665 699 2707 81-83
