1657 3045
266 105 367 143 Dnumorsa
381 104 522 144 lniruorsnrons
717 107 739 143 17

52 250 99 280 num
112 247 183 292 nempe
197 239 216 275 et
228 232 325 275 malum.¹³
339 232 411 291 Scopus
425 240 489 275 autem
502 231 587 275 Pastoris
600 244 641 273 non
655 237 683 273 est
697 227 740 272 doc·

53 311 123 353 trinam
132 305 262 364 dogmaticam
271 321 386 365 proponere,
396 305 430 349 sed
438 308 503 366 potius
512 312 572 350 certas
582 305 672 349 veritates
682 317 740 346 enun-

53 382 101 425 tiare
109 378 253 436 cognoscendas
262 386 281 422 et
289 377 427 438 proponendas
436 381 457 422 in
466 378 534 422 ordine
543 378 568 422 ad
577 380 637 422 vitam
646 376 741 420 moralem

23 466 24 469 ’
53 453 121 499 rectius
133 451 243 496 visendam.
255 452 324 496 Totius
336 450 381 496 libri
393 451 463 511 triplex
476 458 611 511 argumentum
623 450 708 493 delineat
720 450 741 492 in

53 530 108 571 Mart,
123 531 145 568 l:
159 527 257 569 “Primsun
271 527 365 577 omnium,
379 526 435 569 crede
449 527 502 584 quod
515 541 564 569 unus
579 535 607 570 est
621 527 688 568 Deus.
698 560 701 567 .
711 558 714 566 .
723 532 742 566 et

54 603 100 644 time
110 615 160 652 eum,
172 607 191 642 et
201 601 271 642 timens
280 600 331 643 habe
342 599 477 642 abstinentiam
485 633 489 641 .
498 634 502 642 .
511 635 515 642 .
523 601 542 643 ”z
555 599 609 650 fides,
621 600 684 650 timor,
696 612 741 657 poe-

54 674 140 724 nitentia,
154 675 210 716 Maa.
225 675 242 725 6,
257 679 276 716 1:
293 675 442 732 “Praeceperam
454 672 489 717 tibi
502 674 522 716 in
536 679 560 716 lo
573 687 631 725 man,
645 680 667 716 ut
680 678 741 715 custo-

55 747 104 791 dires
113 745 173 790 fidem
182 754 201 790 et
209 748 299 791 timorem
308 754 327 790 et
335 748 493 807 poenitentiam.''
503 746 586 807 Ubique,
595 762 614 790 v.
622 761 647 805 g,
656 748 712 791 Mart,
722 751 740 798 9,

54 820 113 865 refert
122 820 147 865 ad
156 821 260 864 salutarem
268 822 319 865 hanc
328 823 459 880 cognitionem
468 823 508 864 sive
517 820 582 872 fidem,
591 822 619 864 uti
627 823 648 863 in
657 823 712 864 Man,
723 823 740 872 6,

56 900 74 938 2:
89 894 162 946 trudi,
175 909 232 947 nunc,
244 895 313 955 inquit,
327 895 411 955 primum
423 894 448 937 de
460 894 518 937 fide.”
531 894 590 947 Dein,
604 909 616 936 a
627 895 683 937 Man,
698 900 708 938 7
721 893 742 935 in

55 982 113 1027 porro
123 967 148 1010 de
157 969 232 1021 timore,
242 975 261 1011 et
270 970 291 1011 in
300 969 351 1012 libro
360 970 416 1012 tertio
427 968 452 1012 de
461 970 493 1011 uia
501 969 638 1027 poenitentiae.

95 1043 117 1104 2)
132 1043 194 1086 Aliud
205 1042 267 1086 adhuc
278 1044 410 1091 testimonium
422 1043 582 1102 antiquissimum,
594 1040 647 1101 quod
658 1043 678 1084 in
690 1040 743 1084 favo-

55 1132 96 1161 rem
104 1118 211 1160 sententiae
219 1116 345 1160 affirmativae
352 1131 393 1159 non
400 1116 424 1160 ab
432 1118 518 1173 Origene
525 1114 585 1159 modo
594 1116 668 1167 citatur,
676 1129 743 1157 verum

56 1199 75 1234 et
83 1206 94 1234 a
102 1188 388 1250 posterioribusdefensoribus,
397 1196 426 1252 est
434 1189 484 1232 illud
492 1190 633 1232 EPISTOLAE
642 1189 743 1231 BARNA-

56 1266 107 1306 BAE
117 1263 185 1315 dictae,
196 1265 217 1306 in
228 1264 281 1306 cuius
292 1264 355 1323 capite
367 1270 390 1306 18
401 1261 499 1321 legiturz¹4
511 1264 581 1306 “Duae
592 1270 636 1306 sunt
646 1264 689 1305 viae
701 1261 744 1305 doc·

57 1338 117 1379 trinae
128 1336 271 1380 acvoluntatis:
284 1337 344 1379 altera
353 1336 407 1388 lucis,
418 1337 479 1380 altera
488 1335 616 1380 tenebrarum.
627 1334 744 1379 Differentia

56 1424 102 1453 vero
114 1409 176 1452 multa
189 1408 271 1453 duarum
283 1410 364 1453 viarum.
376 1410 417 1453 Uni
430 1408 526 1469 siquidem
538 1410 643 1469 praepositi
656 1416 700 1453 sunt
713 1423 744 1452 an-

57 1482 96 1540 geli
108 1482 140 1525 dei
150 1483 214 1525 lucem
225 1481 361 1542 praeferentes,
374 1483 429 1525 alteri
439 1498 485 1525 vero
498 1483 562 1541 angeli
574 1490 658 1525 satanae.
670 1483 699 1525 Ac
711 1482 744 1524 ille

58 1554 136 1615 quidem
146 1554 236 1600 dominus
246 1563 274 1599 est
283 1571 294 1598 a
302 1556 382 1599 saeculis
392 1563 410 1599 et
418 1556 439 1599 in
448 1556 531 1600 saecula:
542 1556 574 1599 hic
583 1563 647 1600 autem
656 1555 745 1616 princeps

58 1629 149 1687 temporis
162 1631 267 1687 praesentis
279 1630 359 1688 iniqui.’'
373 1630 411 1672 Hic
423 1644 469 1672 vero
482 1637 545 1672 textus
557 1643 592 1688 pro
605 1629 698 1687 opinione
710 1629 745 1671 illa

58 1700 142 1753 affertur,
152 1701 205 1760 quod
213 1702 294 1760 singulis
302 1701 413 1746 hominibus
423 1702 503 1761 angelus
511 1710 553 1746 tum
561 1700 624 1746 bonus
632 1709 674 1745 tum
681 1701 745 1745 malus

59 1776 185 1833 personaliter
197 1775 293 1819 adhaeret.

96 1849 150 1891 Ante
164 1850 229 1892 omnia
243 1850 332 1892 convenit
345 1848 503 1902 animadvertere,
517 1851 554 1894 hoc
568 1850 666 1910 scriptum,
681 1865 746 1894 secun·

58 1920 105 1964 dum
122 1922 225 1965 commune
242 1924 350 1966 criticorum
367 1922 505 1966 modernorum
522 1922 621 1976 iudicium,
639 1923 745 1976 barnabae,

60 1992 154 2054 discipulo
170 1996 187 2039 S.
203 1996 264 2048 Pauli,
279 1995 336 2039 nefas
351 2011 391 2040 esse
407 1996 515 2049 attribuere,
530 2012 571 2040 non
585 1997 675 2042 obstante
689 1996 746 2041 tradi-

59 2069 112 2111 tione
123 2070 257 2128 antiquissima
267 2070 288 2112 in
299 2072 421 2113 contrarium.
433 2070 541 2123 Enimvero,
555 2072 662 2115 excessivus
675 2072 746 2130 allego·

59 2142 134 2194 rismus,
148 2143 227 2201 negatio
242 2157 308 2186 sensus
321 2143 407 2196 literalis,
422 2151 463 2197 etc,
479 2159 528 2203 quae
543 2144 591 2188 inibi
605 2152 746 2205 proponuntur,

59 2214 211 2276 haudquaquam
221 2216 330 2261 conformia
341 2217 379 2261 dici
389 2225 469 2277 possunt
479 2220 540 2262 menti
551 2220 568 2262 S.
580 2219 636 2262 Pauli
647 2227 666 2263 et
674 2221 747 2270 Bana·
800 2253 803 2263 -,

59 2286 100 2331 bae⁴
111 2289 194 2332 Videtur
205 2297 269 2333 autem
279 2298 377 2333 auctorem
387 2290 448 2334 fuisse
458 2292 563 2350 quemdam
573 2293 665 2336 iudaeum
675 2294 747 2336 christi-

60 2375 119 2405 anum
128 2362 264 2416 Alexandriae,
275 2365 308 2422 qui
317 2378 383 2407 versus
392 2363 451 2408 finem
459 2365 533 2409 saeculi
543 2366 600 2425 primi
609 2366 641 2409 vel
651 2366 671 2410 in
681 2367 747 2427 primis

61 2433 157 2479 decenniis
168 2437 239 2479 saeculi
250 2437 328 2481 secundi
340 2439 419 2497 scripsit.

60 2526 121 2533 -—-

103 2574 126 2606 1³.
142 2573 159 2604 ln
173 2570 288 2604 APPENDICE
303 2570 364 2602 huiusce
379 2569 427 2610 operis
443 2569 524 2603 revolvitur
538 2572 606 2611 quaestio
621 2576 671 2604 utrum
685 2572 748 2603 Hermas

60 2622 110 2645 revera
119 2612 186 2646 docuerit
195 2612 270 2654 duplicem
280 2613 350 2653 angelum
359 2610 451 2653 personalem
462 2613 525 2653 singulis
535 2613 621 2646 hominibus
631 2615 687 2646 ascisci.

103 2656 127 2689 14.
136 2655 182 2696 Funk,
192 2657 241 2689 Patras
249 2655 337 2697 Apostolici,
348 2657 354 2688 l
365 2654 397 2697 (ed.
406 2659 415 2687 2
423 2654 502 2697 Tubingae
511 2656 559 2698 1901)
571 2660 621 2694 88-91.
