1657 3045
251 104 352 141 Druuouu
366 106 515 142 Inruuoumouu
702 107 722 144 31

77 231 112 292 10)
126 230 188 275 Aliud
199 230 285 275 eiusdem
295 231 371 290 generis
381 232 514 275 testimonium
524 230 604 292 praebet
615 231 641 274 sic
652 229 725 273 dictum

37 305 306 352 opuerPERFECTUM
319 305 351 348 IN
363 305 548 359 MATTHAEUM‚
562 305 611 347 olim
623 306 642 348 Si
655 304 725 347 loanni

37 382 173 438 Chrysostomo
184 393 286 439 perperam
297 377 415 423 attributum.
427 378 583 423 Commentando
594 378 725 422 narrationem

21 452 168 511 vevangelicam
185 451 210 495 de
227 452 299 495 Christi
316 452 428 505 tentatione,
446 460 512 495 auctor
529 454 565 496 iste
582 453 661 511 ignotus
679 450 725 493 dicit

38 526 136 572 ChrIstum
149 525 229 584 angelos
242 523 277 570 sibi
289 526 419 569 ministrantes
431 524 531 579 dimisisse,
544 533 566 570 ut
578 525 633 570 locus
645 523 725 569 diabolo

38 607 134 644 tentatum
144 599 230 653 daretur3
240 601 282 658 pari
291 598 357 651 modo
368 598 428 652 addit,
438 614 468 642 res
478 599 565 643 sehabet
574 601 595 642 in
604 601 658 643 omni
668 599 725 641 chris-

39 675 97 718 tiano.
112 673 171 718 ‘TDuo
184 681 228 717 sunt
241 673 306 731 angeli
319 680 454 733 permanentes
467 688 511 716 cum
523 672 640 726 horninibus,
654 672 726 717 scilicet

38 746 101 792 bonus
115 754 133 789 et
146 746 215 789 malus.
229 745 330 801 Quamdiu
342 746 391 789 circa
404 761 440 790 nos
453 753 481 788 est
495 748 575 805 angelus
587 745 656 799 bonus,
671 761 726 788 num-

40 835 98 881 quam
112 834 148 863 nos
163 820 183 863 in
197 821 324 864 tentationem
338 827 402 880 potest
416 819 517 881 impellere
532 820 612 879 angelus
626 818 725 864 malus.’'⁴²

39 884 127 955 hngelus
139 909 224 953 namque
235 902 304 946 custos,
318 894 422 952 subiungit,
436 892 493 938 debet
506 909 526 938 se
538 895 634 938 retrahere
646 895 686 938 sive
697 895 726 937 in·

39 967 135 1011 visibilem
145 965 231 1020 reddere,
241 973 263 1011 ut
273 966 362 1012 diabolus
372 982 450 1012 movere
459 967 520 1028 possit
530 967 663 1022 tentationem,
673 967 726 1011 cuius

41 1048 131 1085 eventum
141 1042 176 1084 ille
187 1056 198 1084 a
208 1042 268 1100 longe
279 1047 374 1101 expectat.

78 1126 136 1168 Hanc
147 1132 212 1168 autem
224 1126 338 1169 sententiam
350 1123 449 1169 doctrinae
459 1125 565 1169 catholicae
577 1133 642 1186 aperte
654 1133 727 1169 contra-

41 1197 109 1251 dicere,
125 1212 183 1242 nemo
199 1206 233 1252 est,
249 1200 283 1258 qui
298 1197 383 1258 negabit.
406 1200 515 1254 Enimvero,
531 1201 596 1243 Patres
611 1200 728 1243 unanimiter

42 1271 111 1330 angelo
125 1270 200 1315 custodi
213 1286 284 1315 munus
298 1271 399 1326 ascribunt,
414 1272 468 1333 quod
481 1273 569 1317 homines
584 1272 608 1318 ab
621 1272 728 1318 incursibus

41 1344 114 1389 diaboli
128 1352 226 1405 protegat;
241 1345 341 1405 quomodo
356 1354 422 1391 autem
435 1348 473 1391 hoc
486 1346 601 1399 verificatur,
616 1349 632 1391 si
646 1347 728 1391 durante

42 1424 148 1466 tentatione
160 1437 171 1465 a
183 1429 239 1482 parte
251 1424 319 1465 staret?
332 1420 410 1464 Falsum
422 1421 494 1481 pariter
507 1428 541 1474 est,
555 1419 681 1466 daemonibus
694 1422 728 1463 im·

42 1496 134 1556 possibile
149 1510 190 1540 esse
204 1496 293 1540 homines
307 1502 387 1548 tentare,
402 1494 497 1555 quamdiu
511 1494 581 1539 adsunt
597 1496 661 1554 angeli
675 1495 728 1539 boni.

42 1571 131 1629 Sequitur
139 1583 192 1627 ergo,
202 1568 255 1628 quod
264 1571 301 1612 hoc
310 1569 442 1613 testimonium
452 1569 525 1612 nullius
534 1575 563 1613 est
571 1569 648 1612 valoris.

81 1654 125 1697 Nec
137 1652 256 1712 superfluum
268 1653 304 1696 erit
315 1658 383 1696 notare
394 1653 415 1695 in
427 1652 479 1696 hisce
490 1651 576 1696 homiliis
587 1653 682 1696 haeresim
694 1653 729 1695 ari-

40 1741 100 1768 anam
110 1726 182 1786 passim
191 1726 273 1769 inveniri
284 1725 371 1786 aliosque
381 1740 453 1769 errores
463 1726 574 1769 nonnullos.
585 1727 682 1786 Denique,
693 1727 728 1768 etsi

43 1806 94 1842 certo
106 1813 146 1842 non
157 1807 237 1851 constet,
249 1806 314 1842 utrum
326 1800 367 1858 ipse
379 1806 451 1851 auctor,
462 1807 485 1842 ut
496 1799 629 1842 auctoritatem
641 1801 658 1842 S.
670 1800 730 1856 Chry·

44 1873 123 1915 sostomi
134 1870 170 1915 sibi
179 1871 295 1923 conciliaret,
306 1886 377 1915 nomen
388 1872 442 1915 istius
452 1871 519 1930 magni
529 1872 621 1915 Doctoris
632 1873 686 1932 operi
698 1887 730 1932 ap-

43 1946 134 2003 posuerit,
146 1959 171 1988 an
181 1952 217 2005 pot
217 1946 247 1989 ius
257 1951 302 2004 post
302 1959 325 1988 ea
294 1943 395 1989 tfuerit
405 1944 508 1998 adnexum,
519 1952 585 1989 tamen
595 1946 730 1989 inconcussum

43 2026 109 2062 manet
110 2018 179 2079 ,quod
188 2018 293 2079 nequidem
302 2019 393 2062 somniari
404 2025 438 2079 pot
439 2025 473 2071 est,
459 2021 521 2062 thoc
531 2033 581 2079 opus
591 2021 608 2063 S
619 2021 731 2105 Chrysosto·

44 2106 98 2153 mum
109 2099 184 2153 patrem
196 2092 272 2137 habere.

85 2174 119 2235 11)
134 2176 153 2218 Si
163 2175 274 2219 defensores
285 2184 327 2218 sent
328 2176 390 2218 entiae
401 2176 489 2219 affirmat
476 2184 526 2220 trvae
538 2177 562 2220 ad
573 2178 624 2220 illud
634 2192 731 2220 recursum

45 2261 85 2290 non
92 2246 210 2300 habuissent,
219 2248 274 2292 nulla
284 2247 358 2292 adesset
366 2249 415 2300 ratio
424 2248 530 2294 disserendi
539 2249 564 2295 de
572 2250 658 2309 quodam
666 2265 731 2310 opere,

45 2321 75 2364 cui
84 2321 150 2382 aliqua
158 2323 260 2366 auctoritas
269 2337 293 2365 ex
302 2322 381 2366 nomine
390 2323 407 2366 S.
417 2323 523 2382 Augustini
533 2326 622 2385 apposito
632 2324 732 2385 quondam

46 2393 122 2439 addicta
132 2403 178 2439 erar.
196 2398 228 2439 Est
239 2396 291 2439 enim
302 2397 389 2439 SERMO
400 2397 440 2439 AD
451 2398 566 2441 FRATRES
576 2400 607 2443 ΙΝ
617 2398 731 2451 EREMO,⁴³

45 2468 65 2512 in
76 2485 115 2529 quo
126 2468 173 2528 legit
174 2485 203 2513 ur:
217 2471 280 2513 “Cum
289 2485 335 2513 vero
346 2469 420 2513 malum
431 2470 506 2530 aliquid
516 2473 629 2531 cogitamus,
641 2481 675 2517 aut
686 2473 732 2517 laci-

86 2611 110 2643 42.
121 2612 163 2651 ota
135 2609 248 2685 larppe
230 2621 258 2643 ru
266 2611 300 2649 Mt
309 2612 355 2644 Hom.
365 2610 455 2645 §adfinem
466 2612 523 2653 (PG5
516 2613 590 2653 56671)

86 2653 111 2689 45.
119 2654 170 2686 Sermo
206 2653 248 2686 PF.¹
242 2664 258 2685 m
266 2635 319 2686 Ereino
330 2653 367 2694 (PL
375 2654 394 2686 to
405 2654 460 2693 1554).
