1633 3045
73 99 96 138 66
273 97 303 134 Da
315 96 443 134 Smouuoxuu
455 95 558 133 Hominum

74 225 126 271 auda
139 222 266 287 possibilitate
279 221 356 284 physica
369 220 457 267 absolate
470 219 575 282 loquendo,
589 221 665 265 nullam
678 211 761 265 solidam

73 300 168 343 rationem
177 297 241 341 afferri
250 312 307 357 posse
315 304 382 340 contra
390 297 432 348 hoc,
442 295 495 357 quod
504 296 635 355 unusquisque
644 296 703 337 homo
713 295 761 337 sicut
800 352 802 355 .

74 374 165 432 angelum
179 372 282 415 tutelarem
296 374 323 414 ita
338 379 357 414 et
371 373 472 431 proprium
486 371 602 413 daemonem
617 370 761 412 exercitatorem

75 445 151 497 habear,
164 443 267 488 fatendum
280 449 314 486 est.

115 517 138 577 2)
158 514 285 560 Possibilitas
300 516 394 559 Moralis.
411 516 492 558 Maioris
508 514 588 557 omnino
604 512 719 556 discriminis
735 519 763 555 est

75 592 168 650 quaestio,
182 596 248 632 utrum
261 588 389 633 daemonibus
402 588 483 632 facultas
497 586 576 631 moralis
590 593 666 647 praesto
681 586 710 639 sit,
725 600 763 646 qua

76 665 157 723 singulis
171 663 282 708 hominibus
297 662 407 706 exercendis
421 670 521 722 tamquam
536 662 682 723 impugnatores
696 675 764 704 vacare

76 746 153 797 queant.
172 739 217 780 Huc
230 744 303 796 spectat
315 736 388 795 duplex
399 737 513 795 quaesitum,
525 734 621 787 videlicet,
634 734 659 777 de
672 735 764 795 prompti-

77 811 144 855 tudine
160 810 265 854 voluntatis
281 811 368 870 ipsorum
385 809 508 862 daemonum,
524 817 544 853 et
560 807 584 852 de
599 808 700 852 voluntate
715 809 763 860 Dei;

78 883 125 927 dum
138 892 202 928 autem
215 884 268 943 prior
280 884 368 944 quaestio
380 884 446 944 paucis
458 882 521 928 verbis
535 882 608 928 absolvi
621 888 691 942 potest,
705 881 764 926 altera

77 959 146 1001 maiori
156 972 234 1018 prorsus
244 958 355 1001 evolutione
365 957 445 1016 indiget,
455 972 499 1001 curn
509 959 530 1000 in
540 973 562 1001 ea
573 957 631 1000 totius
642 955 765 1000 discussionis

79 1030 142 1074 nodus
152 1031 240 1090 apprime
249 1029 345 1073 consistat.
354 1045 355 1048 ¹

118 1103 208 1146 PRAVA
219 1102 385 1146 DAEMONUM
396 1102 563 1145 VOLUNTATE
576 1102 710 1153 INSPECTA,
722 1115 766 1144 con-

79 1177 176 1219 venientia
188 1174 300 1218 huiusmodi
312 1174 447 1232 assignationis
459 1173 539 1218 indubie
552 1175 632 1218 omnino
646 1173 767 1218 admittenda

80 1256 114 1292 est.
131 1250 239 1300 Enimvero,
250 1247 339 1292 diabolus
349 1255 449 1307 tamquam
460 1249 515 1291 simia
525 1248 570 1300 Dei,
582 1249 635 1291 cuius
646 1247 767 1291 divinitatem

80 1320 219 1364 nefandissime
230 1321 320 1372 aemulat,
331 1327 351 1364 et
360 1327 427 1364 contra
437 1335 495 1380 quem
506 1334 563 1380 super
573 1321 675 1364 hominum
686 1321 768 1364 salutem

81 1395 135 1454 quasi
144 1394 219 1439 bellurn
228 1395 283 1452 gerit,
294 1393 340 1437 odio
350 1395 436 1437 maxiano
447 1394 559 1454 invidiaque
569 1409 615 1438 suae
624 1408 726 1454 perversae
735 1409 768 1437 vo-

81 1468 161 1509 luntatis
169 1469 190 1508 in
198 1468 287 1509 homines
298 1467 357 1517 ardet,
369 1481 418 1526 quos
428 1481 495 1510 omnes
506 1466 686 1526 perderquuosque
696 1467 717 1509 in
727 1481 768 1526 per-

82 1538 155 1583 ditione
169 1539 231 1582 soeios
244 1537 318 1581 efficere
333 1545 417 1599 exoptat.
438 1539 517 1592 Idcirco,
532 1538 591 1583 facile
605 1538 715 1584 conceditur
729 1538 768 1583 dia-

81 1610 154 1664 bolum,
166 1617 261 1671 quantum
272 1610 297 1654 de
308 1612 350 1654 sola
362 1626 396 1654 sua
407 1611 499 1656 facultate
511 1613 613 1656 intrinseca
624 1620 658 1665 est,
670 1612 769 1671 cupidissi-

81 1699 136 1727 mum
152 1697 193 1727 esse
209 1684 312 1744 unicuique
328 1685 403 1728 homini
420 1686 521 1745 proprium
537 1691 652 1729 tentatorem
669 1685 768 1746 deputare.

82 1759 134 1801 Vere
143 1758 199 1801 simia
206 1758 246 1800 Dei
256 1764 310 1809 esset,
322 1759 337 1800 si
348 1772 392 1800 suos
402 1758 494 1802 satellites
504 1760 531 1802 ita
541 1758 631 1802 ordinare
640 1766 710 1819 posset,
722 1760 770 1802 sicut

82 1831 142 1882 Deus
152 1831 173 1873 in
181 1829 347 1874 administratione
356 1845 433 1874 suarum
442 1832 548 1890 gratiarum
558 1832 638 1891 angelos
647 1832 715 1886 bonos,
725 1848 769 1877 suos

83 1905 186 1955 ministros,
199 1905 219 1946 in
231 1905 339 1948 custodiam
350 1906 452 1948 hominum
465 1906 530 1949 mittit.
549 1906 586 1950 Sed
599 1921 623 1949 ex
635 1908 672 1950 hac
685 1907 726 1950 sola
737 1922 770 1950 vo-

84 1976 158 2021 luntate
171 1975 288 2021 daemonum
302 1978 350 2021 nihil
364 1978 490 2022 concluditur.
511 1980 571 2031 Nam,
586 1981 601 2023 si
615 1980 642 2023 eis
656 1981 770 2039 permissum

85 2056 139 2101 esset,
153 2064 212 2093 omne
225 2057 244 2093 et
258 2058 334 2093 tantum
348 2049 416 2103 lacere,
431 2060 526 2110 quantum
539 2053 618 2104 vellent,
634 2054 686 2096 “non
701 2054 771 2111 aliquis

84 2122 179 2165 iustorum
195 2130 307 2175 remaneret,
325 2130 359 2166 aut
376 2123 446 2184 aliquis
462 2122 526 2168 fidelis
543 2133 592 2168 esset
608 2126 629 2168 in
646 2124 736 2180 terraer
752 2133 771 2171 et

84 2194 141 2238 valde
151 2195 242 2239 credibile
252 2205 306 2247 esset,
317 2196 417 2241 diabolum
427 2212 495 2241 omnes
505 2206 619 2258 peccatores,
630 2207 725 2259 quatenus
735 2201 771 2244 sibi

85 2268 124 2311 iam
133 2268 191 2328 plene
201 2267 282 2321 deditos,
294 2271 358 2314 statim
369 2277 489 2330 arrepturum
500 2271 549 2316 fore.
566 2273 599 2316 De
608 2271 659 2317 facto
670 2280 735 2317 autem
744 2275 771 2317 ita

85 2356 125 2385 non
135 2340 163 2395 fit,
174 2342 220 2400 quia
230 2341 318 2385 diabolus
329 2360 340 2386 a
349 2345 394 2387 Deo
405 2361 464 2404 quam
474 2346 558 2390 maxime
568 2345 672 2391 cohibetur.

124 2417 189 2458 Huius
199 2416 226 2457 rei
237 2416 311 2458 ratione
321 2425 387 2461 contra
397 2417 468 2462 dictam
479 2419 594 2462 sententiam
604 2419 629 2463 de
638 2422 717 2480 proprio
725 2421 772 2464 dae-

84 2502 143 2531 mone
152 2489 179 2532 ita
188 2489 251 2544 arguit
260 2490 421 2534 CUYCHIUS:17
433 2493 508 2550 “neque
517 2507 616 2535 necessum
625 2492 663 2536 fuit
672 2528 675 2535 .
685 2529 688 2536 .
698 2528 701 2536 .
709 2509 773 2553 neque

128 2605 151 2636 16.
162 2605 176 2637 S.
187 2602 285 2643 Augustinus,
296 2603 312 2636 in
322 2606 345 2637 Ps.
357 2607 380 2645 61,
391 2618 406 2638 n.
417 2611 436 2639 20
449 2607 485 2648 (PL.
496 2609 515 2644 36
526 2606 572 2648 715),

128 2650 151 2679 17.
162 2646 233 2679 Anuorar
247 2646 284 2687 (PL.
296 2651 314 2681 50
326 2648 372 2687 323).
