1633 3045
84 134 106 166 82
284 127 313 163 Du
325 127 453 164 Snvourouuu
465 126 567 163 Houuvuu

760 221 779 241 ’ἰὶ

123 254 346 301 CONVENIENTIAE
372 254 546 298 ARGUMENTA
573 250 675 311 dupliciter
701 251 769 310 inspici

84 337 173 388 possunt;
188 327 219 369 vel
235 327 348 385 singillatim
362 328 394 369 vel
409 328 509 385 globatim.
525 327 544 369 Si
559 326 735 372 SINGILLATIM
751 332 770 366 et

85 417 108 445 ex
121 409 179 461 partu
188 398 305 444 dueuuunuuu
320 400 379 443 solius
392 402 491 460 potestatis
505 401 593 460 physicae
606 398 724 458 odiosaeque
737 412 770 440 vo-

84 476 163 519 luntatis
173 474 323 525 considerantur,
334 489 374 517 non
385 475 448 518 solum
458 475 512 517 nulla
523 474 651 532 repugnantia
661 472 726 530 detegi
737 487 770 531 po-

85 556 127 601 test,
136 548 169 591 sed
178 556 197 592 et
205 547 262 591 valde
271 546 362 592 credibile
371 557 456 608 apparet.
466 549 546 599 Tamen,
555 554 576 590 ut
585 545 657 605 singuli
666 546 770 590 daemones

84 621 166 680 singulis
177 620 288 665 hominibus
301 621 388 665 dicantur
400 622 494 682 deputati,
507 619 678 664 demonstrandum
690 628 724 681 est,
737 635 770 661 nu-

84 711 159 739 merum
168 694 293 739 sufficientem
302 695 425 749 daemonum,
434 697 539 739 necessaria
547 697 621 739 unitate
629 695 699 738 morali
707 694 771 754 dispo-

86 771 171 821 sitorum,
182 769 309 828 suppeditari;
318 770 371 829 quod
380 770 483 814 dubitatur,
492 772 520 813 Ex
528 777 582 830 purte
591 770 630 812 Dei
639 777 709 820 autem,
719 783 771 827 pror-

86 857 117 885 sus
127 857 234 902 repugnate
244 842 348 886 dicendum
358 851 391 895 est,
402 846 417 886 si
427 844 509 904 positiva
517 842 639 887 ordinatione
649 857 694 886 suae
703 842 771 885 volun·

85 917 129 959 tatis
139 918 194 959 Deus
203 915 277 959 dicatur
286 917 327 975 ipse
336 918 395 960 talem
405 917 550 976 deputationem
559 916 632 969 tacere,
642 924 713 968 tamen,
724 917 751 958 ita
760 932 772 959 a

85 989 185 1032 nonnullis
195 996 299 1033 sustentata
308 997 336 1033 est
345 991 439 1033 sententia
448 989 567 1034 affirmativa.
576 989 635 1046 Quod
644 996 708 1033 autem
717 991 772 1032 Deus

86 1064 190 1121 permittat,
203 1070 224 1105 ut
236 1062 383 1106 daemoniorum
395 1065 483 1122 princeps
495 1065 554 1107 talem
567 1065 716 1122 assignationem
730 1078 771 1106 exe-

86 1143 161 1195 quatur,
174 1135 261 1180 absolute
273 1137 377 1195 loquendo,
390 1138 465 1180 nullam
476 1139 651 1181 inconvenientiam
663 1136 771 1181 secumtert.

86 1212 157 1252 Utrum
168 1223 213 1252 vero
225 1211 246 1251 in
256 1217 344 1252 concreto
356 1211 383 1253 ita
395 1211 424 1262 sit,
436 1211 549 1270 neutiquam
560 1212 667 1263 innotescit,
680 1212 772 1271 quoniam

88 1282 153 1325 divina
167 1282 256 1326 voluntas
271 1285 291 1325 in
306 1284 428 1326 revelationis
443 1282 530 1328 tontibus
546 1299 585 1327 non
601 1292 629 1328 est
643 1283 772 1328 manifestata.

86 1357 185 1409 Attamen,
197 1356 281 1415 inspecta
292 1355 357 1400 divina
368 1359 494 1416 permissione
506 1360 617 1402 tentationis
628 1358 735 1403 diabolicae
747 1361 773 1402 sic

88 1436 108 1476 in
123 1449 194 1491 genere
209 1432 260 1485 data,
275 1433 349 1476 inutilis
364 1432 433 1475 saltem
448 1439 467 1475 et
483 1431 579 1491 superflua
594 1431 670 1474 videtur
686 1433 773 1491 specialis

59 1565 61 1567 ι
88 1514 204 1549 tentatorum
216 1506 321 1564 deputatio.
334 1508 362 1549 Ex
373 1514 428 1565 putta
440 1505 540 1550 bantinum
554 1505 637 1564 denique
649 1507 734 1548 maxima
745 1508 773 1547 in-

86 1580 162 1622 venitur
170 1579 324 1636 incongruentia
333 1580 380 1630 imo,
389 1577 454 1637 quoad
463 1592 533 1638 pueros
542 1586 562 1622 et
571 1586 656 1622 amentes
665 1578 773 1622 nullimode

88 1653 164 1696 admitti
177 1658 246 1712 potest.
261 1655 302 1695 lam
315 1667 339 1695 ex
352 1654 389 1698 hoc
402 1654 440 1696 ruit
453 1653 587 1696 universalitas
600 1653 654 1696 istius
668 1654 732 1705 thesis,
746 1654 773 1696 ita

87 1735 108 1770 ut
118 1727 181 1770 dicere
190 1726 246 1768 netas
257 1728 286 1777 sit,
297 1725 401 1769 clueano'nes
412 1726 501 1769 omnibns
511 1725 630 1787 singulisque
641 1726 773 1770 huusuiuibusu

87 1799 191 1842 natiuitatis
200 1799 257 1841 innui
266 1800 365 1857 assignari,
375 1801 480 1851 Praeterea,
491 1801 549 1843 etiam
558 1799 636 1859 quando
646 1801 773 1859 plurimorum

88 1873 175 1916 fidelium
184 1871 295 1916 adultorum
304 1872 406 1915 infirmitas
415 1872 552 1923 consideratur,
561 1888 586 1916 ne
596 1873 703 1932 quidquam
713 1874 738 1916 de
746 1876 774 1916 in-

89 1945 178 1989 fidelibus
193 1944 272 1997 dicatur,
287 1944 356 2005 quibus
370 1946 431 1989 multa
446 1945 515 1990 desunt
530 1946 601 1990 auxilia
615 1947 774 2005 supernaturalia,

88 2019 242 2062 inconvenientia
251 2019 288 2063 ista
296 2018 349 2063 haud
359 2022 459 2063 evanescit.

128 2109 147 2151 Si
159 2106 319 2151 CONIUNCTE
331 2105 457 2165 inspiciuntur
469 2118 537 2148 omnes
550 2104 667 2164 quaestionis
681 2112 774 2164 aspectus,

89 2185 181 2229 iudicium
192 2185 255 2241 magis
267 2182 388 2227 definitivum
400 2182 537 2227 inhaesitanter
550 2182 597 2226 tersi
610 2190 679 2243 potest.
692 2184 774 2236 Etenim,

88 2277 159 2321 magna
169 2262 302 2306 convenientia
311 2262 389 2304 huiusce
398 2260 529 2321 deputationis
538 2275 562 2304 ex
572 2267 625 2320 parte
635 2262 721 2320 ipsorum
731 2261 774 2305 dae-

88 2354 169 2383 monum
178 2352 300 2398 summopere
309 2345 428 2391 extenuatus,
437 2338 515 2398 quando
525 2354 569 2383 cum
577 2338 663 2383 bonitate
672 2355 694 2382 ac
702 2339 774 2382 miseri·

90 2418 155 2462 cordia
160 2418 199 2461 Dei
204 2417 513 2477 comparatur,acuiusvoluntate
518 2415 586 2459 saltem
592 2417 714 2475 permittente
719 2419 775 2460 unice

89 2495 186 2556 dependet
194 2502 235 2538 tota
243 2496 271 2539 rei
278 2493 395 2555 possibilitas
402 2495 423 2537 in
431 2502 525 2547 concreto
535 2502 554 2538 et
563 2493 641 2554 quando
650 2494 775 2555 perpenditur

89 2575 191 2617 hominum
204 2574 300 2616 viatorum
314 2574 399 2616 maxima
413 2572 508 2625 debilitas,
523 2571 548 2616 de
562 2587 645 2631 quorum
659 2573 721 2617 salute
735 2581 775 2617 tam

90 2652 182 2696 sollicitus
195 2658 223 2695 est
234 2651 295 2703 Deus,
307 2658 329 2694 ut
341 2650 411 2694 Filium
424 2665 480 2694 suum
492 2651 614 2710 unigenitum
625 2651 776 2712 Redemptorem
