1633 3045
102 94 124 130 42
302 91 332 129 Du
344 92 472 129 Sincurouuu
484 92 587 128 Houruuu

103 220 141 262 suis
154 217 207 261 libris
220 219 271 260 Sent.
279 216 432 260 conscribendis.
453 216 525 272 Quoad
537 223 658 274 praesentem
672 222 736 258 autern
749 229 788 258 rna-

102 293 170 336 teriarn
181 298 200 334 et
210 290 248 334 alia
258 289 334 333 videtur
344 289 463 350 suppeditari
474 291 528 342 ratio,
540 303 563 332 eo
574 291 620 350 quia
630 287 689 333 verba
698 289 789 348 Magistri

102 379 160 425 supra
172 365 230 407 citata
242 365 316 422 integre
330 364 382 423 apud
395 366 502 422 Hugonem
512 364 647 415 inveniuntur3
662 361 725 406 adhuc
738 362 788 422 plus,

103 440 151 482 sicut
164 444 234 481 notant
248 435 330 481 editores
346 435 476 496 Qnarnccnn14
491 443 554 480 totum
569 437 617 480 “hoc
632 437 717 495 primum
732 442 789 495 caput

103 518 214 570 excerptum
225 518 253 554 est
265 527 288 553 ex
299 513 391 571 Hugone,
403 513 483 555 Snnanau
493 511 640 562 Sententiarum,
652 515 676 553 trss
688 516 699 552 2
712 525 727 553 c.
740 510 788 552 6,”15

101 586 130 630 Re
140 583 219 645 quidem
228 598 280 637 vera,
290 591 344 628 tanta
355 584 468 645 perspicitur
478 582 607 644 dependentia
617 584 708 642 Magistri
718 583 742 629 ab
752 583 789 626 ista

102 661 181 703 Snnrnaa
196 658 343 712 Sententiarum,
359 666 380 702 ut
395 658 475 718 quidam
490 656 606 702 contendere
620 657 709 711 voluerit,
725 659 789 717 ipsum

102 731 220 790 Magistrum
228 745 268 774 esse
277 731 363 774 eiusdem
371 738 474 783 auctorem,
482 731 515 774 sed
523 730 590 790 postea
598 732 694 790 sapienter
701 738 789 774 retracta-

103 806 136 848 vit.
156 806 211 848 Haec
225 812 290 848 autern
303 806 354 849 Snnn.
368 807 419 848 Sent,
434 819 509 863 semper
522 812 541 847 et
555 805 580 848 ad
594 812 715 863 praesentem
728 819 790 864 usque

103 877 155 920 diem
164 878 246 935 Hugoni
256 877 281 920 de
290 878 307 920 S.
317 879 397 920 Victore
406 876 542 929 ascribebatur;
553 885 619 920 tamen
628 884 713 920 recenter
723 884 789 921 contra

103 951 152 993 hanc
165 950 236 993 thesim
249 950 397 1001 traditionalem,
411 965 470 1008 quam
483 950 546 993 adhuc
559 964 599 993 non
613 949 721 1009 spernenda
735 964 789 1007 argu·

103 1029 168 1065 menta
183 1030 261 1065 externa
276 1021 392 1074 suffulciunt,
407 1023 460 1066 haud
474 1025 530 1082 pauci
543 1024 692 1074 insurrexerunt,
707 1037 790 1083 quorum

103 1110 127 1138 ex
138 1096 256 1153 argumentis
266 1096 345 1138 internis
358 1095 438 1139 dubium
450 1095 557 1139 admodum
568 1112 626 1154 grave
637 1096 663 1139 'de
674 1097 790 1155 paternitate

103 1167 194 1226 Hugonis
206 1166 316 1225 gigniturtt
326 1170 438 1227 Utcumque
448 1177 494 1212 vero
507 1169 536 1221 sit,
550 1168 648 1213 facilitatis
660 1183 717 1213 causa
730 1169 750 1211 in
762 1183 789 1211 se-

102 1242 205 1304 quentibus
224 1243 338 1302 relinquitur
356 1258 428 1286 nomen
447 1245 543 1302 Hugonis‚
563 1251 631 1303 utpote
648 1257 704 1287 verus
724 1251 789 1288 auctor

103 1334 143 1361 non
159 1325 188 1361 est
203 1318 346 1361 determinatus.
369 1318 472 1359 Caeterum
487 1316 552 1375 quoad
567 1317 617 1359 hanc
633 1318 717 1375 praecise
733 1331 789 1375 quae·

104 1393 186 1435 stionem
195 1405 264 1451 parum
272 1389 338 1442 reiert,
348 1404 392 1433 cum
400 1391 443 1448 ipse
451 1392 512 1448 Hugo
523 1389 547 1432 de
557 1390 574 1432 S,
585 1390 664 1433 Victore
673 1391 694 1432 in
704 1391 789 1448 genuino

103 1479 162 1525 opere
171 1463 196 1508 de
206 1465 332 1509 incitamentis
343 1464 457 1507 sententiam
468 1463 493 1507 de
502 1463 552 1508 binis
564 1464 637 1522 angelis
647 1462 727 1508 indubie
738 1471 789 1508 tuea-

104 1546 142 1593 tur;
157 1552 209 1590 nam,
223 1536 334 1598 quaerendo
348 1544 413 1580 utrum
427 1537 492 1596 plures
507 1536 571 1595 angeli
585 1536 716 1591 remanserint,
731 1552 790 1598 quarn

103 1611 217 1662 ceciderunt,
232 1610 330 1668 redarguit
344 1610 470 1653 adversarios:
488 1610 606 1665 “Quomodo
621 1626 666 1668 ergo
681 1625 748 1654 verum
761 1619 790 1653 est

104 1684 157 1745 quod
171 1683 240 1728 dicitur
254 1671 385 1743 unusquisque
399 1685 501 1727 hominum
516 1683 564 1726 duos
579 1684 658 1742 angelos
672 1683 744 1728 habere
758 1683 789 1728 de-

103 1764 180 1817 putatos
191 1757 303 1808 sibiunum
312 1757 386 1799 malum
396 1751 422 1799 ad
432 1757 605 1815 impugnationem,
616 1765 635 1800 et
645 1772 706 1800 unum
716 1756 789 1801 bonum

104 1830 129 1873 ad
139 1828 278 1873 defensionem.
288 1863 291 1871 .
300 1863 304 1871 .
314 1831 357 1873 ,ΡΨ
601 1878 603 1880 ,

99 1909 100 1914 ’
142 1903 240 1953 Attamen,
254 1903 284 1944 his
296 1902 386 1946 omnibus
399 1904 508 1954 enuntiatis,
521 1904 629 1962 quaestioni
642 1903 667 1947 de
679 1902 734 1947 fonte
746 1907 789 1947 Ma·

103 1978 158 2035 gistri
173 1975 217 2018 finis
233 1977 312 2018 minime
329 1978 438 2034 apponitur,
456 1976 489 2019 sed
505 1976 585 2020 ulterius
601 1978 697 2036 inquirere
712 1986 789 2037 oportet

104 2057 182 2108 propter
194 2048 275 2092 dubium
287 2057 305 2091 et
317 2049 450 2092 difficultatem
462 2051 511 2093 circa
522 2051 574 2093 Sana.
586 2052 636 2094 San.
649 2065 673 2094 ex
685 2065 708 2094 eo
720 2059 789 2103 ortam,

103 2142 165 2151 -—v

145 2176 168 2207 14.
178 2175 237 2250 hqotula
246 2175 265 2207 ad
275 2175 337 2208 relatum
347 2181 404 2207 textum
413 2176 483 2216 Magistri
493 2175 533 2216 apud
543 2177 557 2207 S.
567 2177 690 2216 Bonaventuram,
700 2183 710 2210 2
719 2179 763 2217 Seru,
774 2177 789 2209 d.

144 2264 168 2293 15.
178 2260 234 2292 Textus
246 2260 285 2300 apud
296 2261 349 2301 Migne
363 2260 399 2301 (PL.
413 2262 441 2294 176
453 2261 489 2301 88).

145 2303 169 2334 16.
180 2303 206 2340 lta,
216 2312 228 2334 e.
234 2312 253 2342 g,
262 2300 353 2340 Grabmann,
362 2300 450 2335 Gerrhichte
458 2302 484 2335 der
493 2301 532 2335 tarn,
540 2302 554 2335 T
554 2301 593 2336 heoi.
604 2302 684 2345 (Freiburg
693 2305 703 2336 i.
711 2306 729 2338 Β.
739 2305 786 2345 1933)

103 2350 121 2380 37
131 2345 172 2382 dicit,
181 2344 222 2385 quod
231 2346 259 2377 ista
268 2346 328 2378 Snrnna
337 2346 444 2379 Sententia-nn
455 2346 540 2379 ‘'vielleicht
549 2347 597 2379 einem
607 2353 647 2380 sonst
656 2348 697 2380 nicht
705 2348 788 2381 bekannten

102 2388 176 2428 Magister
188 2388 235 2427 Hugo
248 2387 334 2419 Parisiensis
348 2387 434 2428 angehort,”
448 2390 508 2427 lterum,
522 2390 563 2420 iuxta
576 2388 639 2430 ringere,
653 2390 738 2423 “Hiernach
751 2389 789 2422 wird

102 2441 137 2462 man
146 2429 177 2462 sich
186 2430 214 2461 mit
223 2428 257 2461 dem
267 2428 349 2462 Gedanlren
358 2436 423 2462 vertraut
432 2431 493 2463 macheu
503 2434 567 2469 hussen,
578 2431 611 2464 dass
620 2434 666 2473 Hugo
676 2432 702 2464 der
711 2432 789 2466 Verfasser

103 2472 129 2505 der
137 2473 151 2505 S.
160 2472 174 2504 S.
183 2472 224 2504 nicht
231 2472 265 2504 ist.''
274 2473 290 2504 Β.
300 2473 322 2505 Fr.
331 2472 394 2512 Anders,
404 2474 443 2505 “Die
451 2475 511 2507 Summa
519 2475 626 2508 Sententiarum
635 2495 657 2499 -
664 2474 699 2508 lcein
707 2475 755 2509 Werlc
763 2476 789 2508 de's

103 2517 157 2556 Hugus
168 2526 198 2548 von
209 2516 224 2547 S.
235 2513 304 2552 Vilctors*
315 2516 331 2547 in
342 2518 374 2548 Der
385 2514 461 2556 Karnana,
473 2518 501 2549 XL
514 2517 574 2557 (Mainz
587 2518 634 2559 1909)
650 2523 684 2554 113,
695 2518 745 2560 Atque
756 2519 789 2553 sub·

103 2558 157 2598 iungit,
166 2556 207 2597 quod
216 2557 288 2597 Magister
298 2557 339 2590 Otho
349 2559 363 2590 S.
372 2559 437 2591 Victoris
448 2566 462 2592 et
472 2559 550 2592 familiaris
560 2561 630 2601 Hugonis
640 2562 686 2593 nostri
696 2561 744 2595 ''wird
753 2562 790 2595 aller

102 2598 263 2633 Wahrscheinlichlceit
273 2600 310 2631 nach
320 2600 346 2632 der
355 2600 433 2633 Veriasser
442 2602 469 2635 der
478 2604 492 2636 S,
503 2604 517 2635 S,
528 2603 569 2635 seht
581 2602 631 2644 (ibid,
643 2604 687 2643 117),

144 2646 168 2677 17.
178 2643 226 2683 Hugo
234 2642 253 2675 de
261 2643 275 2675 5,
283 2643 328 2682 vict,
336 2644 361 2676 De
368 2645 468 2685 sacramentis,
479 2651 486 2678 1
497 2650 505 2681 5
515 2656 527 2678 c.
536 2650 554 2681 31
567 2645 603 2687 (PL,
613 2648 642 2681 176
651 2646 697 2687 261).
