1633 3045
65 100 76 133 8
265 94 295 131 Da
307 94 435 131 Sisauranon
447 94 551 130 Houruun

64 220 100 266 bus
111 219 228 265 hominibus.
240 220 283 273 Ast,
296 208 320 262 ex
333 225 424 263 contextu
436 226 515 278 totaque
528 233 552 262 ex
564 218 674 261 narratione
687 217 752 276 potius

64 294 140 337 videtur
150 292 311 345 concludendum,
323 294 413 336 Satanam
424 307 464 335 non
475 306 550 353 semper
561 290 648 335 adfuisse
658 290 700 349 Job.
710 292 752 334 Ete-

66 369 112 420 nim,
125 370 146 411 in
158 381 199 427 cap.
215 373 224 410 1
239 374 258 411 et
271 372 282 409 2
295 367 372 425 legitur,
386 367 439 426 quod
452 367 509 410 Satan
522 367 609 409 Domino
622 365 750 426 responderit:

67 443 162 485 “Circuivi
178 449 255 492 terram,
272 449 291 483 et
307 441 440 500 perambulavi
456 441 516 491 eam‚'’
534 441 565 482 cui
580 440 678 482 Dominus
695 439 750 482 dixit:

67 514 183 574 “Numquid
191 513 316 557 considerasti
323 527 400 556 servum
407 528 473 557 meum
481 512 536 571 Job.'’
546 514 632 572 Insuper,
641 513 697 555 toties
707 525 753 572 quo-

66 590 102 632 ties
113 588 202 632 diabolus
214 601 270 646 super
281 588 317 644 Job
328 602 408 630 manum
419 586 523 630 extendere
532 586 601 638 voluit,
613 587 711 628 licentiam
722 585 753 628 dc·

66 661 108 705 buit
118 669 189 721 petere.
205 659 288 703 Videtur
299 661 358 719 igitur
368 659 477 711 dicendum,
488 661 578 702 Satanam
589 673 629 701 non
640 658 700 702 luisse
710 673 754 701 con·

68 742 139 779 stanter
151 748 213 795 prope
224 727 267 792 Job‚
280 741 302 777 ut
314 749 358 777 eum
371 741 454 786 vexaret,
468 733 501 777 sed
514 734 584 794 potius,
597 740 700 793 postquam
713 747 754 792 per-

67 810 147 852 missum
163 807 259 852 Altissimi
275 806 390 859 obtinuerat,
407 822 452 851 eum
468 806 642 867 appropinquabat.
660 808 755 861 Quisnam

69 890 134 927 autem
146 881 205 926 luerit
218 883 254 925 iste
268 889 357 934 tentator,
372 890 437 926 utrum
450 895 520 941 nempe
534 882 575 941 ipse
589 880 678 924 diabolus
691 889 710 924 et
724 882 754 924 Sa-

68 963 129 1008 tanas,
145 957 178 1016 qui
193 962 257 998 totum
271 955 338 998 orbem
353 955 429 998 seduxit
444 962 464 997 et
478 969 517 998 una
532 969 577 998 cum
592 953 666 1013 angelis
681 955 720 997 suis
735 954 756 996 in

68 1037 139 1073 terram
150 1029 246 1089 proiectus
258 1027 297 1071 luit
310 1027 383 1087 (apoc,
397 1033 420 1071 12
432 1027 466 1087 9),
478 1044 503 1071 an
514 1029 579 1087 potius
591 1027 660 1087 aliquis
672 1026 756 1071 daemon

68 1101 154 1155 interior,
165 1115 204 1145 non
214 1108 242 1145 est
251 1109 305 1145 extra
315 1100 440 1145 dubitationis
450 1102 518 1154 aleam,
528 1102 616 1161 quamvis
626 1103 679 1161 prior
689 1101 755 1162 opinio

69 1177 94 1220 sit
106 1174 240 1236 probabilior.⁶
701 1191 702 1194 ¹

108 1259 195 1303 Tametsi
210 1257 322 1317 negandum
338 1259 368 1311 sit,
384 1258 420 1316 Job
437 1272 512 1317 semper
528 1273 592 1302 secum
608 1257 698 1302 habuisse
713 1272 756 1318 pro-

70 1334 134 1393 prium
150 1332 266 1376 daemonem
281 1333 444 1392 impugnatorem,
461 1333 548 1376 ESTlUS
564 1340 620 1392 putat
636 1332 661 1376 de
676 1332 713 1390 Job
730 1331 757 1375 di-

70 1405 158 1458 cendum,
171 1405 225 1465 quod
237 1406 285 1448 “nec
296 1400 408 1463 negandum
419 1404 501 1458 videtur,
514 1408 562 1466 quin
574 1419 610 1466 pro
621 1406 657 1449 illo
670 1413 758 1465 tempore

70 1479 129 1523 fuerit
141 1482 158 1523 ei
171 1481 250 1524 Satanas
262 1494 274 1522 a
284 1480 330 1522 Deo
343 1479 446 1537 deputatus
459 1479 483 1522 ad
496 1480 634 1522 exercitium.'’⁷
647 1480 704 1523 Nihil
716 1481 757 1539 qui-

70 1551 116 1595 dem
126 1552 195 1603 obstat,
208 1553 311 1611 quominus
322 1554 371 1611 quis,
384 1553 400 1594 si
411 1552 491 1604 mavult,
502 1552 553 1596 hanc
564 1551 714 1611 deputationem.
721 1566 757 1612 pro

71 1633 158 1685 ternpore
169 1627 206 1669 isto
218 1624 313 1677 admittat,
325 1640 449 1685 quamquam,
461 1627 499 1669 hoc
510 1625 573 1669 adhuc
584 1626 644 1685 longe
656 1626 721 1670 abesse
734 1625 757 1670 ab

71 1698 155 1743 admissa
168 1700 263 1743 sententia
276 1699 300 1742 de
313 1700 392 1758 proprio
406 1699 501 1743 daemone
514 1699 627 1744 insidiatore
640 1699 682 1757 Job‚
697 1714 759 1760 eoque

70 1774 133 1832 magis
143 1772 224 1832 singulis
233 1772 349 1824 hominibus,
360 1772 459 1833 deputato,
470 1787 527 1817 nemo
537 1781 566 1817 est
575 1774 609 1833 qui
618 1775 700 1832 ignoret.

111 1856 133 1916 3)
150 1858 202 1899 Inter
214 1857 280 1898 omnia
292 1857 403 1898 testimonia
415 1870 430 1899 s.
443 1857 550 1915 scripturae
562 1857 624 1899 maior
637 1854 717 1900 omnino
729 1858 758 1900 vis

71 1928 173 1990 probativa
184 1927 286 1972 tribuenda
297 1928 394 1973 videretur
405 1929 468 1975 verbis
480 1930 572 1990 Apostoli
584 1931 605 1973 in
616 1936 628 1973 2
641 1930 685 1975 Cor,
700 1936 723 1974 12
737 1937 756 1976 7:

73 2004 141 2047 udatus
152 2011 180 2047 est
190 2004 239 2046 mihi
250 2005 338 2046 stimulus
349 2005 410 2046 carnis
420 2018 481 2055 meae,
493 2005 574 2062 angelus
585 2006 672 2056 Satanae,
684 2006 718 2064 qui
728 2021 759 2049 me

71 2077 197 2136 colaphizet.”
210 2077 308 2128 Attamen,
314 2078 391 2135 patroni
397 2079 503 2120 sententiae
508 2076 634 2120 affirmativae
641 2092 681 2120 non
688 2077 760 2122 audent

72 2151 215 2194 conclusionem
227 2165 281 2194 suam
293 2166 316 2194 ex
327 2151 364 2195 hoc
376 2159 430 2195 textu
441 2151 504 2195 solide
515 2151 658 2197 corroboratam
671 2167 759 2206 asserere,

72 2232 174 2285 propterea
183 2223 236 2283 quod
245 2239 340 2268 memores
349 2233 394 2269 sunt
402 2224 485 2269 difficilis
495 2225 581 2269 eiusdem
591 2227 759 2285 interpretationis.

73 2300 107 2350 lta,
119 2314 135 2341 e.
143 2313 168 2356 g„
179 2298 376 2349 MALDONATUs
388 2300 421 2356 qui
432 2298 457 2341 de
467 2305 542 2341 caetero
553 2299 667 2342 sententiam
678 2299 760 2343 affirma-

72 2372 132 2416 tivam
144 2369 255 2415 credibilem
268 2371 364 2430 opinatur,
377 2373 404 2414 ita
417 2372 519 2431 loquitur⁸:
536 2373 613 2416 “Potest
626 2373 706 2433 aliquod
719 2374 760 2417 eius

114 2514 129 2546 6.
142 2514 171 2545 Pro
186 2512 243 2553 optimo
257 2513 325 2544 examine
339 2522 380 2545 casus
393 2511 427 2553 Job‚
441 2513 476 2546 vide
489 2513 530 2545 Dici„
544 2511 596 2546 Theoi.
611 2513 658 2554 Carth,
673 2516 695 2548 IV
711 2514 761 2556 (Paris

115 2555 193 2637 ll9E8stibsl,
203 2556 245 2629 ὅι’Ξι42
257 2597 301 2636 Senti,
316 2595 330 2630 d.
345 2601 362 2630 11
376 2608 407 2638 par,
420 2598 438 2637 43
452 2599 486 2638 lp.
501 2602 535 2631 101,

115 2645 129 2674 8.
140 2641 223 2673 Commeat⁴
233 2640 249 2673 in
258 2641 292 2679 Mt,
302 2651 315 2674 c.
326 2645 344 2674 18
354 2652 368 2674 v,
379 2646 397 2674 10
409 2640 441 2683 (ed.
451 2642 497 2674 Raich
507 2643 514 2674 I
524 2643 561 2681 3623
571 2643 594 2675 M.
604 2642 644 2675 XXI
654 2642 705 2677 CCSS.
715 2643 761 2684 864).
