1657 3045
259 105 359 142 Daauoua
373 105 514 142 Innueuaronn
708 106 729 142 55

46 228 118 275 diaboli
132 228 207 273 influxu
221 228 346 274 habebantur.
368 230 442 272 Mirum
456 237 490 282 est,
505 227 554 281 dico,
569 228 623 288 quod
637 228 731 271 sententia

45 303 70 349 de
80 302 175 347 daemone
186 304 255 364 cuique
265 304 340 347 homini
351 302 481 347 indesinenter
493 303 609 349 adhaerente
621 317 661 346 non
673 302 732 346 iuerit

46 376 123 422 labente
133 376 198 420 medio
210 391 257 420 aevo
268 378 326 421 latius
337 376 413 420 diffusa.

27 486 28 489 ,
83 450 732 509 ADRECAPITULANDUMevolutionemposterioremhuiusce

46 526 164 587 quaestionis
179 523 231 584 apud
246 524 379 575 Scholasticos‚
396 522 464 567 sufficit
479 524 548 567 iterum
563 524 584 566 in
598 531 684 568 mentem
699 537 731 566 vo·

46 614 94 650 care,
110 598 164 659 quod
180 606 340 642 commentatores
356 598 447 654 Magistri
463 597 604 641 Sententiarum
618 598 732 656 opinionem

46 672 74 716 de,
82 671 177 714 daemone
189 672 312 714 exercitatore
324 685 348 713 ex
358 672 401 729 ipso
413 671 535 728 repetierunt,
548 669 595 713 dum
607 672 648 729 ipse
659 670 732 728 Magis·

47 753 75 789 ter
86 758 122 805 pro
133 742 188 788 ionte
200 745 240 788 sive
250 746 357 803 Hugonem
368 743 408 787 sive
418 742 555 787 Hildebertum
566 743 642 798 habuit;
654 745 688 804 qui
701 759 732 787 au-

47 826 86 860 tem
97 832 164 859 eorum
174 818 247 875 primns
257 818 307 859 hanc
318 817 432 859 sententiam
443 817 579 874 propugnavit,
591 818 703 860 auctoritate
714 817 732 859 S.

47 890 138 949 Gregorii
152 890 223 947 Magni
238 905 281 933 eam
295 890 391 932 munitam
406 887 456 932 falso
471 887 558 940 credidit,
573 890 665 947 quoniam
681 888 733 950 apud

48 961 138 1007 eumdem
147 964 223 1006 Patrem
233 977 273 1008 non
282 961 368 1007 habetur.
385 961 469 1014 Deinde,
478 963 556 1005 nonnisi
565 962 641 1006 saeculo
652 962 733 1007 decimo·

48 1043 102 1079 sexto
114 1035 139 1079 ad
151 1034 240 1079 eamdem
252 1037 367 1079 sententiam
380 1037 419 1079 sive
432 1035 561 1078 refellendam
573 1036 613 1080 sive
626 1035 734 1080 suffulcien-

48 1109 93 1153 dam
103 1110 216 1168 inceperunt
226 1110 313 1168 theologi
323 1110 468 1153 convenientiae
479 1109 600 1167 theologicae
609 1111 693 1153 rationes
704 1125 734 1153 ex·

48 1183 138 1241 cogitare,
149 1182 182 1225 alii
192 1183 264 1243 quippe
275 1183 328 1235 alias,
338 1197 386 1243 quas
396 1189 461 1226 autem
469 1197 520 1226 nunc
530 1197 597 1226 omnes
607 1182 632 1227 ad
642 1184 734 1226 trutinam

49 1255 127 1314 expedit
138 1262 251 1299 revocares
417 1262 418 1265 ’
463 1269 465 1271 ·
