1633 3045
62 131 85 173 96
355 131 455 170 Asianum

60 255 133 295 butus.¹⁶
151 256 234 306 Quamvis
246 268 287 295 vero
300 255 376 296 doctrina
388 257 410 297 de
423 257 487 310 angelis
500 256 598 297 custodibus
610 257 748 297 communissima

60 315 106 367 apud
117 328 145 354 eos
156 315 213 361 fuerit,
224 320 281 354 tamen
292 328 328 354 non
339 316 382 355 adeo
393 316 471 355 distincte
482 316 551 367 angelus
563 315 617 355 maius
628 322 644 354 et
654 316 747 369 personalis

60 374 126 411 homini
136 372 252 419 ascribebatur,
263 386 284 411 eo
294 375 334 426 quia
344 375 362 411 in
372 375 408 412 istis
417 375 465 413 libris
474 375 574 426 apocryphis
587 374 657 424 (straet,
667 373 746 419 Henochl

60 424 180 476 lubilaeorum,
193 424 300 465 Testamenta
311 425 408 466 Duodecim
420 426 557 473 cataractarum,
570 426 690 473 vitandam,
703 429 744 477 etc.)

60 497 99 522 vera
113 483 189 536 farrago
196 483 272 522 idearum
286 483 444 524 confusissimarum
458 486 501 524 circa
514 485 617 537 multiplices
631 485 747 524 distinctiones

60 542 104 579 inter
113 541 181 593 spiritus
190 553 264 594 nequam
273 553 366 595 eorumque
375 549 452 581 naturam
464 543 563 593 (nonenim
572 543 709 595 concipiebantur
717 555 748 581 ceu

61 599 129 651 spiritam
139 601 178 651 puri
188 600 231 638 sieut
240 599 287 651 apud
297 602 347 650 nost)
361 601 451 640 inuenitur.

102 670 188 709 lnlluxum
198 670 301 709 Hellenismi
311 685 333 710 ex
343 671 410 710 Iudaeis
419 683 526 725 summopere
536 672 587 711 subiit
596 673 669 710 PHILO
678 672 747 709 ALEX-

60 728 191 776 ANDRINUS,
203 729 233 781 qui
244 728 353 767 traditionem
363 729 429 768 Bibliae
438 736 547 782 veterumque
558 728 659 767 ludaeorum
669 728 748 768 funditus

61 786 129 840 reliquit
140 793 157 825 et
168 799 204 826 sese
215 800 288 840 suasque
299 787 345 826 ideas
357 787 378 826 de
390 788 455 839 angelis
466 787 489 826 ad
500 787 594 826 doctrinam
605 787 748 840 philosophorum

61 856 93 896 pro
105 844 169 884 viribus
182 843 290 897 adaptavi&
309 845 386 897 Angelos
399 845 470 899 quidem
482 846 507 884 uti
520 846 588 898 spiritus
601 857 653 898 puros
666 846 747 898 concepit,

61 915 164 956 quamquam
173 902 260 942 admiserit
269 916 298 942 eos
308 915 357 956 posse
366 916 437 956 corpora
445 916 533 951 assumere,
544 903 605 957 quibus
614 904 702 943 carnaliter
710 916 749 943 caun

61 961 159 1000 hominibus
173 963 305 1008 commiscerent,
320 969 377 1000 tamen
390 962 409 1000 in
422 975 483 1013 genere
496 961 601 1001 tendentium
614 962 717 1014 platonicam
730 963 749 1000 in

61 1019 198 1070 personificando
207 1019 253 1057 ideas
262 1020 304 1058 boni
314 1026 331 1057 et
340 1020 380 1057 mali
390 1025 447 1071 aperte
455 1019 557 1058 manifestat.
573 1021 594 1057 In
603 1021 636 1058 hoc
644 1020 709 1072 percipi
718 1031 748 1072 po-

61 1083 93 1115 test
104 1077 164 1116 relatio
175 1076 258 1130 quaedam
270 1077 313 1115 inter
324 1077 415 1115 Philonem
425 1084 442 1115 et
450 1078 540 1116 Hermam.

102 1150 304 1190 concluso-Ut
318 1150 337 1187 in
351 1147 422 1188 errordio
436 1156 559 1202 praenotatum,
575 1150 616 1188 haec
629 1161 682 1202 pauca
697 1149 747 1188 verba

62 1215 97 1240 non
109 1203 158 1241 aliter
170 1208 288 1252 congeruntur,
301 1203 334 1240 nisi
347 1202 368 1240 ad
381 1209 489 1254 conspectum
501 1203 598 1253 generalem
609 1204 678 1241 huiusce
690 1216 748 1255 quaes·

60 1260 111 1299 tionis
125 1261 250 1313 spinosissimae
263 1258 374 1299 offerendum.
394 1260 522 1312 Tempestivum
535 1266 591 1299 autem
603 1272 672 1313 prorsus
684 1267 714 1308 est,
728 1267 747 1299 ut

62 1314 100 1366 quis
110 1313 143 1351 tale
153 1312 228 1352 studium
237 1324 276 1350 cum
285 1319 366 1364 apparatu
376 1313 467 1351 scientifico
477 1313 589 1364 aggrediatur.
606 1316 627 1351 ln
636 1315 682 1352 hunc
690 1314 748 1359 tinem,

61 1376 127 1423 praeter
139 1377 213 1410 auctores
225 1371 259 1408 iam
272 1371 348 1423 superius
360 1371 419 1410 citatos
435 1370 482 1422 (i.e.,
494 1371 561 1410 Walter
573 1370 671 1419 Eickmam
684 1371 749 1410 Tauiilc

62 1430 135 1475 Canaan,
149 1431 191 1467 Otto
203 1429 287 1479 Euerling,
300 1430 346 1467 loan.
359 1429 420 1479 Smit),
432 1428 516 1481 quaedam
527 1429 582 1468 adhuc
593 1430 626 1468 alia
638 1441 689 1482 opera
700 1429 749 1468 utilia

61 1492 145 1525 notentur.

62 1577 136 1622 Davras,
262 1576 326 1627 Magia,
342 1575 443 1614 Divination
458 1575 493 1614 aad
507 1575 629 1628 Demaraology
643 1589 707 1629 among
722 1576 750 1615 the

263 1628 389 1732 ggprep8r9ugnd
397 1628 561 1681 TheirNeighlors,
571 1629 644 1668 London
656 1631 679 1680 (J.
689 1629 750 1668 Clarke

63 1769 176 1812 Euausnurm
190 1766 241 1812 ALR,
264 1766 301 1870 {lire
310 1765 349 1859 {iiie
358 1766 460 1870 prgssgimes
469 1767 489 1818 of
497 1769 545 1817 Jesas
554 1767 583 1805 the
592 1768 672 1813 Messiala
683 1769 751 1805 ll-XIII

289 1831 312 1858 on
325 1832 348 1859 on
420 1849 424 1860 .

63 1906 205 1950 semuncem,
264 1905 300 1942 Das
308 1903 401 1954 Eatdeckte
409 1903 501 1955 ludentum
515 1905 633 1956 (Kdnigsberg
642 1908 706 1956 1711).

64 1990 118 2034 enar,
127 1990 142 2039 J.
152 1990 177 2034 B.‚
263 1986 398 2039 L’ring'lologie
408 1988 457 2039 {uiae
467 2001 489 2026 au
499 1987 563 2040 Tempe
572 1988 594 2026 de
604 1988 720 2039 [asar-christ,
732 1991 750 2027 in

261 2041 302 2079 Rea
314 2039 336 2078 de
347 2041 422 2078 Sciences
432 2039 476 2078 Phil.
489 2047 506 2079 et
517 2040 583 2086 Theoi,
594 2042 612 2079 V
627 2043 700 2092 (1911).

64 2126 159 2170 Gnaeum,
264 2125 301 2161 Das
311 2122 425 2173 Jahrlauadert
433 2123 464 2161 der
473 2124 524 2162 Heils
536 2126 626 2174 (Stuttgart
636 2127 700 2174 1838).
711 2127 724 2163 Ι.
735 2131 750 2165 5.

264 2176 298 2215 Die
310 2175 364 2215 Lehre
377 2189 411 2215 aon
423 2175 457 2214 dea
470 2176 545 2215 bethoron
558 2178 641 2223 Geistern,
654 2177 721 2230 Engela
734 2191 750 2217 aa

263 2228 342 2281 Teuffeln,
357 2230 438 2271 352·l24.

62 2323 124 2331 ----

29 2384 30 2387 =
64 2412 67 2419 Ι
82 2413 94 2442 Β
105 2368 167 2443 16on
178 2368 215 2445 ths)7
220 2366 284 2407 Langen,
295 2366 327 2398 Das
337 2364 417 2408 ludentum
429 2365 445 2399 ia
455 2364 530 2399 Paliistiaa
540 2377 553 2400 a,
564 2366 598 2399 Zeia
608 2364 667 2407 Christi,
679 2366 750 2410 Freiburg

62 2422 73 2444 r.
96 2416 127 2443 ,18
149 2421 177 2450 ,p.
217 2434 221 2441 .

106 2472 129 2500 17.
142 2467 172 2498 '‘La
183 2464 289 2505 de'monologie
300 2464 391 2505 developpee
402 2465 438 2498 dans
450 2467 472 2498 les
484 2472 529 2499 terres
541 2466 560 2499 de
571 2466 625 2499 Philon
637 2473 659 2499 est
670 2467 709 2500 donc
720 2468 751 2508 pla·

64 2509 148 2540 ronicienne
159 2507 233 2547 d’origine
243 2515 278 2539 avec
288 2517 318 2539 une
328 2506 401 2540 intiuence
412 2509 500 2548 stoicienne;
513 2508 542 2541 elle
553 2514 575 2541 est
586 2509 620 2549 plus
632 2508 705 2548 abstraite,
716 2510 751 2551 plus

64 2550 156 2591 symbolique
166 2561 196 2592 que
206 2550 221 2582 la
231 2549 337 2590 demonologie
347 2552 457 2591 superstitieuse
467 2562 497 2592 que
506 2552 538 2584 l’on
548 2557 600 2584 trouve
611 2552 645 2585 clrez
656 2554 750 2593 Plutarque,''

64 2591 114 2625 scribit
122 2593 170 2626 Emile
178 2592 244 2630 Brehier,
252 2592 280 2624 Les
289 2590 331 2624 [dees
339 2590 464 2634 Philosophiques
473 2600 487 2625 et
495 2592 586 2634 Religieures
594 2593 614 2626 de
622 2593 676 2627 Philon
684 2593 750 2628 Μεκ-

63 2633 119 2673 andrie,
131 2636 172 2668 Paris
185 2639 228 2673 1908,
240 2644 255 2675 p,
268 2634 427 2670 maras-Obiter:
441 2637 471 2669 Hic
482 2642 533 2669 auctor
544 2637 616 2677 optimam
626 2636 687 2678 praebet
697 2636 750 2671 biblio

63 2677 142 2719 graphiam
150 2676 169 2710 de
178 2678 206 2710 hac
214 2677 283 2709 materia!
