1633 3045
73 136 95 169 88
366 130 466 169 Aaronom

72 257 124 306 Quod
135 259 148 296 si
159 256 245 297 iracundia
256 257 313 310 aliqua
323 259 443 308 supervenerit,
454 258 535 309 continuo
545 258 613 310 spiritus
623 264 689 296 sanctus
700 258 729 310 qui
740 259 758 295 ln

71 322 88 353 te
102 321 127 353 est
141 314 267 367 angustiabitur,
283 321 299 353 et
313 321 381 368 quaeret
396 314 485 355 discedere.
507 314 601 354 Suffucatur
614 314 661 353 eninr
674 328 684 353 a
698 315 758 368 spiritu

72 374 180 427 nequissimo,
192 379 209 411 et
219 385 255 411 non
265 374 316 412 habet
327 374 384 412 locurn
395 374 493 426 apparendi,
504 374 547 412 sicut
556 373 602 419 vult;
613 373 702 412 tribulatur
713 374 759 411 enirn

72 430 93 470 ab
101 431 192 470 iracundia.
207 431 281 484 Utrique
290 444 331 482 ergo
340 431 409 483 spiritus
417 444 456 470 cum
465 431 526 484 pariter
535 431 635 477 inhabitant,
645 431 759 483 perniciosum

71 495 96 528 est
105 490 176 528 homini.
185 489 239 528 ...Et
248 489 284 527 dixi
294 489 327 528 illi:
336 489 406 528 Vellem
415 491 461 537 scire,
471 489 545 536 domine,
555 490 649 542 nequitiam
657 488 758 536 iracundiae,

72 548 91 580 ut
100 542 194 581 custodiam
205 554 232 579 me
243 542 264 581 ab
274 542 308 580 iila
326 543 347 580 Et
358 541 401 581 dixit
411 543 461 581 milri:
473 542 525 588 Scies;
536 549 554 581 et
563 544 577 581 si
588 555 623 581 non
634 541 733 581 custodieris
743 549 759 580 te

72 599 93 638 ab
102 599 137 646 illa,
147 599 207 652 perdes
217 610 265 651 spem
274 605 321 637 tuam
330 613 369 638 curn
378 606 413 638 tuta
422 600 474 639 domo
483 605 516 638 tua.
533 599 566 637 Sed
575 599 634 638 recede
643 599 664 638 ab
673 599 707 638 illa.
723 600 759 651 Ego

72 657 118 695 eninr
128 664 184 696 tecum
194 669 232 695 sum
242 657 311 696 nuntius
322 658 417 710 aequitatis:
429 664 446 696 et
456 669 515 696 omnes
525 658 555 710 qui
566 657 587 697 ab
597 670 617 696 ea
626 656 711 703 recedunt,
722 658 759 710 qui-

71 727 144 768 cumque
158 715 281 767 poenitentiam
296 716 362 766 egerint
376 729 397 754 ex
412 717 451 755 totis
466 716 568 768 praecordiis
583 716 622 761 suis,
638 716 696 754 vivent
709 717 757 761 Deo;

72 767 102 805 sed
113 774 130 805 et
140 781 179 806 cum
189 766 223 805 illis
234 780 268 812 ero,
279 775 296 806 et
306 768 409 806 conservabo
420 781 486 806 omnes:
498 768 583 806 iustificati
594 770 640 806 enim
650 774 690 805 sunt
700 768 759 806 omnes

73 824 103 876 qui
111 824 233 875 poenitentiam
241 825 311 874 egerint,
320 825 441 864 asanctissimo
449 824 525 863 nuntio.''
534 825 568 863 Hic
577 824 656 878 “spiritus
664 824 760 877 nequitiae”

73 876 159 915 evidenter
168 889 204 915 non
213 883 238 915 est
247 877 320 916 daemon
328 878 422 930 personalis
430 884 547 930 permanenter
556 878 648 916 adhaerens
657 878 687 916 sed
696 878 760 916 malum

73 934 169 973 iracundiae
188 934 291 986 simpliciter,
311 936 351 989 quia
369 935 459 975 mandatur
479 935 548 975 “recede
567 935 588 976 ab
606 935 652 982 illa,¹'
672 936 710 982 via,
730 947 760 988 per

74 992 224 1044 ‘'poenitentiam”
262 1006 264 1008 ’

114 1060 212 1113 Descriptio
224 1061 292 1112 spiritus
304 1060 400 1099 iracundiae
415 1064 441 1112 (et
452 1062 597 1114 aequanimitatis)
612 1061 712 1113 explicatius
723 1073 760 1114 per·

73 1117 141 1156 hibetur
150 1119 169 1156 in
178 1123 194 1164 5,
206 1123 224 1155 2:
237 1117 294 1156 “Audi
304 1131 354 1164 nunc,
364 1119 425 1171 inquit,
435 1119 529 1172 nequitiam
538 1118 638 1165 iracundiae,
649 1132 700 1172 quam
709 1132 761 1172 prava

74 1187 159 1228 quamque
171 1176 222 1214 noxia
233 1182 263 1221 est,
276 1182 292 1214 et
304 1189 338 1228 quo
350 1182 400 1227 pacto
411 1189 467 1215 servos
479 1177 514 1214 Dei
525 1177 589 1215 evertit.
609 1177 644 1226 Qui
656 1177 702 1215 eninr
713 1176 760 1229 pleni

74 1240 113 1271 sunt
126 1233 165 1280 fide,
180 1245 215 1271 non
228 1239 283 1284 potest
295 1246 356 1272 nocere
368 1233 407 1279 illis,
421 1235 503 1287 quoniam
514 1235 568 1272 virtus
581 1236 615 1272 Dei
628 1240 653 1273 est
665 1247 704 1273 cum
716 1230 767 1281 iilis:

74 1292 134 1330 evertit
146 1293 192 1330 enirn
206 1289 266 1329 dubios
279 1297 296 1330 et
308 1303 374 1330 vacuos.
395 1292 467 1341 Quoties
479 1297 536 1330 autern
548 1291 610 1330 viderit
622 1292 664 1330 tales
676 1292 760 1338 homines,

74 1349 128 1387 iniicit
138 1362 155 1387 se
165 1350 184 1387 in
193 1346 244 1386 corda
253 1361 317 1394 eorum,
328 1354 344 1387 et
354 1347 376 1386 de
385 1348 440 1387 nihilo
450 1356 479 1387 aut
487 1349 513 1386 vir
523 1356 551 1387 aut
561 1349 621 1387 mulier
631 1349 762 1387 amaritudinem

74 1406 151 1458 percipit,
161 1411 231 1458 propter
240 1418 266 1444 res
276 1419 319 1458 qnae
329 1406 395 1444 suntin
405 1419 441 1452 usu,
452 1413 481 1444 aut
490 1417 522 1458 pro
531 1407 614 1453 convictu,
624 1413 653 1444 aut
662 1418 694 1459 pro
703 1408 761 1460 aliquo

74 1463 132 1510 verbo,
140 1465 154 1502 si
162 1476 197 1517 quo
204 1462 250 1502 forte
257 1463 322 1510 incidit,
331 1475 442 1515 supervacuo;
451 1470 480 1503 aut
487 1475 519 1515 pro
527 1465 581 1503 amico
590 1465 652 1518 aliquo,
661 1470 690 1503 aut
698 1464 761 1512 debito,

74 1528 103 1559 aut
114 1533 145 1573 pro
156 1523 183 1560 his
194 1521 278 1560 similibus
290 1521 339 1560 rebus
350 1523 462 1573 supervacuis.
480 1523 527 1560 Haec
538 1523 584 1560 enim
595 1522 646 1561 stulta
657 1529 696 1561 sunt
707 1529 724 1561 et
735 1537 761 1562 su·

74 1590 160 1630 pervacua,
172 1585 189 1618 et
198 1591 241 1616 vana
252 1579 303 1617 servis
314 1579 353 1617 Dei.
370 1579 499 1632 Aequanimitas
510 1585 566 1617 autem
576 1579 633 1618 valida
643 1586 672 1618 est.
680 1610 684 1619 .
692 1611 696 1619 ,
704 1611 707 1618 .
714 1582 761 1620 Nam

75 1637 161 1675 iracundia
171 1636 222 1676 stulta
232 1642 261 1683 est,
273 1643 289 1674 et
300 1636 342 1675 levis
352 1642 369 1674 et
379 1635 431 1674 fatua.
449 1639 477 1675 De
488 1636 558 1674 stultitia
568 1650 609 1676 vero
619 1638 691 1676 nascitur
703 1639 762 1676 amari-

75 1693 122 1740 tudo,
136 1700 153 1732 et
166 1708 187 1732 ex
201 1693 314 1732 amaritudine
326 1693 417 1740 iracundia,
432 1707 453 1732 ex
466 1693 553 1732 iracundia
565 1708 607 1733 vero
620 1694 673 1733 furor.
694 1697 728 1734 Hic
741 1709 762 1733 ex

75 1758 100 1790 tot
109 1752 158 1791 malis
167 1757 231 1791 creatus
240 1750 293 1798 furor,
304 1757 383 1804 operatur
391 1757 478 1803 peccatum
487 1764 569 1802 magnum
578 1758 595 1791 et
603 1752 701 1792 insanabile.
718 1755 762 1792 Cum

75 1810 121 1847 enim
129 1811 171 1848 haec
179 1810 237 1848 omnia
246 1810 264 1846 in
273 1822 309 1847 uno
317 1821 356 1847 vase
366 1815 410 1856 sunt,
419 1809 449 1848 ubi
459 1816 475 1848 et
484 1810 553 1861 spiritus
562 1816 628 1849 sanctus
637 1816 716 1857 moratur,
726 1824 762 1849 non
780 1826 781 1829 ¹

74 1872 119 1922 capit
129 1871 170 1909 haec
180 1883 209 1908 vas
220 1870 250 1908 sed
260 1871 371 1922 supereffluit3
383 1872 465 1923 quoniam
475 1877 522 1909 tener
532 1871 600 1923 spiritus
611 1884 647 1909 non
657 1879 713 1924 potest
723 1885 762 1911 cum

75 1932 121 1972 malo
131 1934 192 1986 spiritu
203 1932 295 1979 immorari,
307 1931 369 1972 recedit
380 1939 397 1972 et
408 1932 472 1972 habitat
483 1945 522 1971 curn
533 1939 626 1973 mansueto.
643 1933 713 1973 Deinde
723 1947 762 1974 cum

75 1996 160 2033 recesserit
168 1995 189 2033 ab
198 1994 268 2032 homine
276 1995 295 2031 in
304 2007 339 2047 quo
348 1994 438 2040 habitabat,
448 1994 468 2032 fit
476 1995 530 2032 homo
537 2006 600 2033 vacuus
609 2008 619 2032 a
627 1996 687 2046 spiritu
696 2002 761 2034 sancto:

75 2061 92 2092 et
102 2062 160 2106 postea
169 2054 242 2105 repletur
251 2055 337 2106 spiritibus
347 2054 427 2104 malignis
441 2057 517 2104 (natatur
526 2067 606 2093 numeras
615 2055 701 2107 pluralis!
710 2056 735 2105 l),
746 2062 763 2094 et

75 2111 172 2150 obcaecatru
181 2123 191 2149 a
199 2111 302 2160 cogitatione
310 2110 359 2150 mala.
375 2112 402 2150 Sic
410 2112 490 2151 omnibus
499 2111 584 2151 iracundis
592 2113 680 2163 contingit.
696 2113 762 2152 Recede

75 2185 116 2223 ergo
124 2179 142 2210 tu
150 2173 172 2211 ab
179 2171 270 2218 iracundia,
279 2179 295 2210 et
302 2173 355 2211 indue
362 2173 515 2225 animaequiorem,
524 2180 541 2211 et
549 2174 606 2212 resiste
614 2174 714 2212 iracundiae.
722 2204 726 2212 .
734 2204 737 2212 .
746 2176 761 2213 .”

116 2239 232 2279 rnrsnna
245 2239 373 2289 annonara
386 2240 496 2280 maurus
509 2231 697 2279 Marus-nouem
709 2242 762 2281 modo

73 2302 131 2350 inlo,
145 2308 154 2339 t
167 2301 261 2339 motionem
273 2313 342 2353 pravam
354 2302 430 2341 tristitiae
442 2308 490 2341 vocat
501 2303 587 2354 spiritum:
602 2304 671 2353 “Longe
683 2303 711 2342 fac
722 2317 732 2342 a
744 2311 760 2343 te

75 2370 144 2397 omnem
158 2357 250 2397 tristitiam:
266 2359 329 2396 etenim
342 2359 384 2397 haee
397 2371 445 2397 soror
460 2365 485 2398 est
499 2358 615 2406 dubitationis,
630 2366 647 2397 et
661 2360 761 2408 iracundiae.

75 2420 174 2471 Quomodo,
184 2420 260 2473 inquam,
271 2419 345 2466 domine,
355 2433 402 2460 soror
412 2427 437 2460 est
446 2421 517 2460 harum?
533 2420 588 2461 Aliud
597 2423 640 2461 mihi
649 2422 717 2462 videtur
725 2424 762 2462 tris-

75 2484 116 2529 titia,
128 2484 175 2522 aliud
187 2481 274 2521 dubitatio,
293 2484 314 2520 Et
324 2484 353 2520 ait:
367 2484 406 2521 Sine
417 2496 467 2521 sensu
478 2496 514 2522 non
525 2484 611 2533 intelligis.
629 2484 705 2523 Tristitia
716 2487 763 2524 enirn

76 2545 154 2583 omnium
163 2543 254 2598 spirituum
263 2544 376 2596 nequissimus
385 2550 415 2590 est,
425 2551 442 2582 et
452 2544 535 2597 pessimus
544 2546 596 2583 servis
606 2546 648 2591 Dei;
659 2552 676 2584 et
686 2547 763 2585 omniurn

76 2607 144 2659 spiritus
157 2605 262 2650 exterminat,
277 2611 293 2643 et
306 2605 367 2644 cruciat
380 2606 459 2658 spiritum
472 2612 552 2645 sanetum.
561 2637 564 2644 .
572 2635 576 2644 .
584 2608 600 2645 .''
614 2607 703 2646 Iracundia
716 2621 762 2660 ergo,

76 2668 159 2707 dubitatio
170 2675 187 2707 et
198 2668 265 2706 tristitia
275 2667 358 2706 inducunt
369 2669 448 2720 spiritum
459 2669 544 2721 nequitiae
554 2669 652 2708 vitandum!
670 2671 690 2708 Et
703 2675 730 2716 10,
743 2677 761 2709 2:
