1657 3045
356 120 456 159 Asuuium
726 122 747 161 95

61 248 130 286 cillimis
143 247 240 286 tractatibus
254 248 350 298 theologiae
364 246 436 286 biblicae
451 246 529 285 omnium
544 246 633 284 doctorum
646 245 710 284 iudicio
725 251 749 283 est

62 305 139 359 quaestio
150 305 172 344 de
185 304 315 356 daemonologia
327 302 437 350 Iudaeorum;
450 315 532 358 quasnam
543 316 565 343 sc.
578 302 625 342 ideas
637 302 696 342 ludaei
708 309 749 342 tem·

62 374 103 414 pore
112 363 175 401 Christi
183 362 273 401 habuerint
282 362 303 401 de
312 362 395 401 daemone
403 362 473 415 eiusque
480 368 563 414 potestate
571 368 588 399 et
596 361 683 413 operibus;
693 367 750 399 utrum

63 421 95 458 hae
107 419 155 458 ideae
168 419 259 458 obiectivae
272 420 338 458 veritati
351 419 385 457 sint
397 418 552 471 correspondentes,
566 431 627 464 necoe;
641 424 691 470 atque
704 417 750 455 unde

28 502 30 505 .
62 474 147 524 originem
157 474 198 511 istae
208 473 256 512 ideae
265 485 315 511 verae
324 472 353 510 vel
363 471 417 510 falsae
427 472 533 519 deduxerint,
544 485 565 510 ex
576 473 678 510 revelatione
688 482 750 522 nempe

62 530 126 575 divina,
137 543 159 567 an
170 543 191 568 ex
202 531 302 568 commercio
313 543 352 569 cum
363 529 436 581 populis,
448 530 494 582 apud
505 543 548 582 quos
559 529 690 579 daemonologia
700 527 750 567 valde

63 593 97 625 erat
106 587 176 625 exculta.
192 588 274 635 Quaestio
283 587 307 626 sic
315 587 370 639 posita
379 585 456 625 nondum
465 592 489 625 est
498 592 593 625 tractata...
602 588 617 625 .'’

104 656 170 706 Utpote
184 654 246 694 nullibi
260 655 279 693 in
292 657 315 694 V.
330 654 350 693 T.
366 654 467 694 sententiam
482 654 503 693 de
519 654 601 693 daemone
615 655 707 707 unicuique
721 653 750 692 ad·

63 712 143 750 haerente
152 712 253 758 invenimus,
264 712 319 762 logice
329 711 440 757 concluditur,
452 711 522 749 Iudaeos
533 712 597 750 ratione
608 711 714 749 revelationis
726 711 751 748 di-

63 769 113 807 vinae
124 769 208 808 immunes
219 770 317 808 remansisse
328 769 349 809 ab
361 769 427 808 influxu
438 768 517 808 dualismi
528 770 623 820 exaggerati
634 781 701 808 necnon
713 768 750 807 dae·

63 827 144 865 monismi
154 827 200 879 apud
211 828 250 865 illos
260 827 339 879 populos,
350 827 393 865 sicut
402 829 459 865 Persas
469 833 506 872 etc,
516 840 556 865 curn
566 827 627 880 quibus
637 826 695 864 Iudaei
705 839 750 865 corn-

64 884 145 922 mercium
155 883 277 923 conduxerunt.
295 885 394 923 Generatim
406 890 462 922 autem
472 895 524 936 penes
535 884 609 935 populos
620 885 708 930 semideos,
720 885 751 922 etsi

63 953 99 979 non
114 941 133 979 in
148 943 169 980 V.
186 941 206 979 T.
224 941 295 979 durante
311 940 385 993 periodo
398 948 462 993 prae-et
477 941 588 993 post-exilica,
604 941 661 992 angeli
676 942 718 981 boni
734 948 750 980 et

64 993 105 1031 mali
120 993 236 1032 incessabilem
251 993 402 1047 incredibilemque
417 994 461 1031 inter
475 995 554 1032 homines
569 993 654 1032 influxum
668 994 751 1046 explicare

64 1050 179 1097 credebantur,
198 1051 234 1090 imo
251 1051 328 1102 singulos
345 1051 407 1089 habere
425 1051 514 1104 proprium
532 1050 654 1090 daemonem.li
677 1051 751 1098 Deinde,

65 1109 193 1163 quodammodo
203 1109 249 1161 apud
260 1110 370 1161 Septuaginta
380 1109 410 1149 sed
420 1110 495 1148 maxime
505 1109 524 1148 in
534 1109 619 1148 literatura
630 1111 724 1162 apocrypha
736 1117 752 1148 et

65 1171 150 1211 rabbinica
165 1171 239 1210 influxus
255 1173 359 1211 Graecorum
374 1172 478 1225 apertissime
494 1171 552 1211 elucet.
574 1174 627 1211 Nunc
642 1172 712 1210 tandem
726 1174 751 1209 in-

64 1235 106 1287 cipit
115 1234 168 1272 modo
178 1233 266 1272 definitivo
277 1234 360 1272 enuntiari
372 1234 447 1284 doctrina
458 1234 479 1272 de
490 1234 554 1286 duplici
564 1235 592 1272 via
601 1234 682 1273 bonitatis
691 1241 708 1273 et
717 1246 751 1271 ma-

65 1296 116 1343 litiae,
129 1296 202 1335 iustitiae
214 1303 231 1336 et
243 1297 332 1349 nequitiae,
345 1302 362 1335 et
374 1303 495 1350 consequenter
508 1297 529 1335 de
541 1297 603 1348 angelo
614 1298 661 1337 bono
673 1304 690 1336 et
701 1297 751 1335 malo.

65 1360 95 1404 lta,
106 1372 123 1396 v.
129 1371 152 1408 g.,
164 1373 186 1397 ex
195 1359 285 1398 rabbinicis
296 1359 349 1397 Sohar
359 1360 379 1398 in
390 1361 433 1398 Gerr.
449 1361 502 1409 (40);
515 1360 567 1397 “Duo
578 1359 634 1410 angeli
645 1371 684 1397 curn
694 1359 752 1411 quavis

66 1421 122 1459 arrima
131 1427 198 1467 exeunt,
208 1435 252 1460 unus
262 1434 272 1459 a
282 1420 340 1460 dextra
350 1427 367 1459 et
375 1421 418 1459 alter
427 1433 437 1458 a
446 1421 517 1459 sinistra.
533 1422 555 1460 Et
563 1421 578 1460 si
587 1421 651 1472 probus
660 1428 686 1460 est
694 1421 752 1468 homo,

65 1483 93 1521 isti
108 1483 187 1521 eumdem
202 1482 304 1529 custodiunt,
320 1484 347 1522 sin
362 1484 419 1521 minus
434 1482 514 1521 eumdem
528 1485 621 1522 accusant.''
643 1484 682 1522 Hoc
696 1489 752 1521 autem

66 1544 121 1583 fusius
131 1545 224 1598 explicatur
237 1545 294 1596 (ibid,
305 1551 338 1587 337
349 1550 366 1584 et
376 1546 431 1595 379):
444 1546 495 1583 “Duo
505 1545 567 1596 angeli,
577 1546 607 1599 qui
616 1545 705 1583 hominem
714 1557 753 1595 con-

66 1609 135 1654 ducunt,
144 1615 184 1648 sunt
192 1610 326 1661 concupiscentia
334 1608 379 1648 bona
387 1615 404 1647 et
412 1609 547 1660 concupiscentia
554 1620 611 1660 prava,
620 1608 667 1662 quod
676 1610 690 1647 si
699 1609 753 1646 invia

66 1671 111 1709 bona
122 1672 232 1710 ambulaverit
241 1673 299 1717 homo,
310 1671 427 1709 corroboratur
437 1672 571 1722 concupiscentia
580 1671 634 1716 bona;
645 1673 709 1709 sivero
719 1684 753 1708 arn-

66 1732 113 1770 bulet
129 1733 148 1770 in
163 1734 191 1770 via
208 1744 264 1784 prava,
282 1733 398 1770 corroboratur
414 1733 548 1784 concupiscentia
565 1734 650 1783 prava.''1⁵
672 1732 753 1770 Eamdem

67 1801 135 1842 prorsus
146 1789 240 1828 doctrinam
251 1790 285 1827 iam
295 1788 369 1828 vidimus
380 1788 426 1842 apud
436 1788 554 1835 Mohammed,
566 1789 595 1842 qui
606 1795 652 1828 certo
661 1790 722 1828 certius
733 1802 754 1826 ex

67 1851 134 1890 Iudaeis
146 1858 163 1890 et
174 1852 258 1891 veteribus
270 1852 370 1890 Christianis
382 1851 444 1889 multas
455 1851 511 1889 hausit
523 1851 574 1890 ideas.
592 1853 640 1891 Nam
651 1853 687 1904 ipse
700 1851 753 1897 docet,

67 1913 147 1965 angelum
157 1914 222 1953 bonum
232 1921 248 1952 et
258 1913 338 1964 angelum
348 1914 413 1951 malum
427 1914 555 1963 (conscientiam
563 1913 627 1952 bonam
637 1920 653 1952 et
663 1914 753 1963 malaml)‚

67 1977 97 2029 qui
109 1989 249 2029 unumquemque
259 1977 348 2014 hominem
359 1988 389 2027 per
400 1977 454 2014 vitam
465 1977 570 2022 comitantur,
583 1988 645 2014 munus
656 1977 718 2016 habere
729 1989 754 2015 rea

67 2033 140 2085 spective
154 2032 271 2072 conscribendi
285 2033 343 2071 omnia
356 2039 403 2084 gesta
416 2033 491 2071 hominis
505 2033 528 2071 in
537 2033 601 2071 iudicio
615 2033 676 2072 ultimo
689 2033 753 2086 patela-

67 2096 131 2135 cienda.
147 2098 168 2134 Et
177 2095 223 2147 apud
232 2098 317 2134 Pastorem
327 2098 401 2134 Hermae
410 2095 496 2146 duplicem
505 2096 585 2146 angelum
594 2110 633 2135 curn
642 2096 706 2148 duplici
715 2109 753 2134 con·

67 2158 169 2210 cupiscentia
179 2158 197 2194 in
206 2164 265 2196 natura
274 2158 349 2195 humana
358 2157 405 2210 lapsa
414 2157 514 2195 identificari
524 2170 574 2209 supra
583 2158 676 2197 invisimus.

109 2226 183 2265 Graecos
196 2226 239 2265 inter
252 2231 269 2264 et
282 2226 343 2278 scripta
356 2224 447 2264 talmudica
460 2227 589 2279 apocryphaque
602 2227 755 2278 agnoscendusest

68 2283 206 2333 irrefragabiliter
217 2297 270 2321 nexus
281 2284 400 2334 pressissimus‚
412 2285 435 2320 ita
446 2283 516 2335 quidem
527 2290 546 2321 ut
556 2285 575 2321 in
586 2285 622 2336 ipsa
633 2284 721 2330 Palestina,
733 2285 755 2322 ad

68 2347 120 2384 instar
133 2346 257 2398 superstitionis
270 2358 344 2396 graecae,
358 2345 450 2398 unicuique
463 2351 551 2391 creaturae,
566 2346 601 2384 sive
614 2346 707 2384 irrationali
720 2347 755 2384 sive

69 2406 152 2454 rationali,
161 2408 238 2460 specialis
247 2406 317 2461 quidam
326 2407 400 2459 spiritus,
409 2406 437 2445 vel
446 2407 517 2459 angelus
525 2407 553 2446 vel
563 2407 640 2454 daemon,
650 2408 702 2446 fuerit
711 2409 755 2447 attri-

68 2495 130 2503 ..---

112 2530 135 2562 ll.
146 2528 200 2562 Taufilr
211 2529 275 2568 Canaan,
287 2540 301 2562 o.
313 2540 330 2568 c.,
341 2539 356 2570 p.
367 2530 393 2564 47:
407 2529 447 2561 uDie
457 2529 540 2562 Bevvohner
551 2529 632 2563 Palistinas
642 2528 711 2571 glauben,
724 2529 757 2563 dass

70 2571 111 2613 jeder
119 2572 181 2604 Mensch
190 2571 268 2605 innerhalb
277 2571 303 2605 der
312 2572 406 2611 Geistersvelt
415 2573 458 2605 einen
467 2571 558 2606 besonderen
567 2571 613 2606 bosen
622 2574 683 2606 Damon
692 2574 722 2613 hat,
732 2573 758 2606 der

71 2615 98 2646 ibn
105 2612 162 2646 liberali
170 2612 239 2655 veriolgt,
246 2625 272 2646 um
279 2614 306 2647 ihu
314 2625 338 2647 arn
346 2615 408 2654 eigenen
416 2616 479 2656 Kdrper,
487 2626 506 2647 an
514 2614 549 2648 Hab
556 2615 588 2647 und
596 2617 628 2648 Gut
636 2626 654 2648 zu
662 2616 757 2656 schidigenl'

112 2670 136 2701 15.
146 2665 178 2700 cfr.
189 2672 203 2699 et
213 2665 260 2700 Sohar
269 2667 285 2700 ia
296 2665 348 2707 Exod,
358 2677 373 2709 p.
385 2671 421 2707 1903
433 2667 473 2710 apud
482 2669 509 2702 W.
518 2667 604 2709 Eirlemann,
614 2680 629 2703 o.
639 2679 656 2708 c.,
666 2679 681 2711 p.
692 2670 716 2703 42.
