1657 3045
272 138 373 175 Dasianus
387 139 528 175 innocuaronn
722 140 744 176 23

58 264 173 312 affirmativa
186 263 211 308 de
225 263 320 308 daemone
334 278 370 323 pro
385 264 465 323 singulis
478 263 590 308 hominibus
604 261 744 322 amplectenda,

57 354 117 401 quarn
131 353 155 382 ex
169 340 247 382 Pastore
262 339 344 398 repetiit,
359 337 414 382 nulla
429 346 542 397 argumenta
556 338 636 398 propria
650 335 744 397 perhibet,

58 412 146 474 quamvis
159 426 203 456 eam
216 426 239 455 ex
252 425 266 455 s.
280 412 377 471 Scriptura
390 413 430 454 erui
443 411 499 465 dicat,
513 413 559 465 ino,
573 411 626 471 quod
640 425 664 453 ex
677 424 697 453 se
710 416 744 461 est,

59 485 137 547 loquela
151 486 275 546 hypothetica
288 499 322 529 seu
336 483 430 545 opinabili
445 491 514 530 utatur.
530 488 599 529 Postea
614 492 679 529 autem
693 483 745 527 vide-

59 561 116 612 bitur,
130 565 225 619 quantum
239 564 353 617 argumenta
367 558 391 603 ab
406 559 448 602 aliis
462 561 561 619 proposita
574 560 658 603 valeant.
678 561 745 602 Restat

59 633 117 693 igitur
128 646 179 676 nunc
189 631 302 685 videndum,
313 647 361 675 num
372 630 454 675 fortasse
464 633 514 676 inter
525 632 573 676 alios
585 634 650 676 Patres
661 646 697 693 pro
709 633 745 675 ista

59 706 151 766 opinione
163 705 311 765 adstipulatores
322 706 405 748 inveniri
416 706 496 765 possint.

98 786 122 849 4)
135 787 311 840 LACTANTIUS,
322 781 355 848 qui
364 788 436 847 pariter
445 803 481 848 pro
491 789 585 831 sententia
595 788 708 831 affirmativa
718 789 746 831 in-

59 868 144 912 vocatur,
152 861 218 920 aliqua
225 862 263 904 huc
271 860 373 904 referentia
380 860 461 920 profert,
470 861 503 905 ubi
511 862 566 904 illam
575 863 688 904 sententiam
696 876 746 905 erro-

60 948 117 977 neam
125 935 223 995 proponit,
233 935 287 978 iuxta
295 948 354 994 quam
364 934 428 993 angeli
438 950 449 977 a
458 936 503 977 Deo
512 936 601 995 primitus
609 936 630 977 in
640 935 746 978 custodiam

58 1009 160 1051 hominurn
168 1009 228 1060 missi,
236 1023 280 1052 curn
289 1009 358 1052 iisdem
365 1009 467 1052 carnaliter
474 1015 606 1068 peccaverunt.
622 1011 661 1064 Qui
669 1024 714 1051 vero
723 1025 746 1052 ex

60 1081 96 1125 hac
109 1081 248 1126 commixtione
262 1081 303 1125 nati
317 1088 367 1134 sunt,
381 1095 416 1125 nec
430 1082 519 1125 homines
533 1097 568 1126 nec
583 1082 647 1140 angeli
662 1080 746 1134 fuerunt,
796 1107 797 1110 =

60 1152 94 1198 sed
106 1154 212 1214 quamdam
224 1154 310 1198 mediam
322 1163 412 1198 naturam
424 1155 523 1199 habentes.
543 1156 616 1214 Angeli
629 1163 694 1198 autem
705 1170 747 1215 pec-

60 1235 131 1281 cantes,
143 1230 189 1289 quia
200 1230 267 1273 necin
278 1230 355 1272 coelum
366 1244 401 1273 nec
413 1231 433 1272 in
444 1228 517 1273 inferos
529 1231 578 1273 inter
590 1230 694 1273 daemones
707 1244 747 1272 roe-

60 1299 118 1344 tester
131 1302 190 1361 recipi
202 1310 313 1362 potuerunt,
327 1317 426 1346 remanere
440 1317 496 1362 super
509 1311 580 1346 terram
592 1305 653 1346 coacti
666 1312 715 1355 sunt,
729 1311 748 1346 et

61 1377 136 1422 sublata
147 1392 214 1421 eorum
224 1380 316 1422 missione
326 1380 351 1423 ad
361 1381 450 1423 homines
461 1379 603 1433 custodiendos,
613 1380 710 1423 malitiose
720 1382 748 1422 in-

61 1462 152 1514 ceperunt
160 1456 227 1513 generi
235 1456 321 1497 humano
331 1453 423 1496 insidiari.
439 1455 509 1512 Deque
517 1455 548 1496 his
557 1453 603 1496 dicit
612 1439 756 1497 Lactantiusz³⁶

62 1532 108 1585 Ἣί,
119 1536 143 1576 ut]
151 1531 200 1584 dico,
211 1531 288 1591 spiritus
298 1531 423 1574 contaminati
434 1545 456 1574 ac
465 1530 535 1591 perditi
545 1545 580 1591 per
590 1545 668 1575 omnem
678 1538 748 1575 terram

61 1618 162 1668 vagantur,
180 1618 200 1653 et
217 1610 307 1654 solatium
324 1608 438 1668 perditionis
455 1624 500 1652 suae
517 1609 621 1667 perdendis
637 1609 748 1653 hominibus

62 1693 172 1746 operantur.
195 1688 263 1747 ltaque
278 1687 344 1729 omnia
359 1685 440 1739 insidiis
457 1685 513 1738 dolis,
530 1686 625 1730 erroribus
641 1687 747 1746 complent;

62 1764 168 1807 adhaerent
181 1766 233 1807 enim
246 1764 326 1821 singulis
339 1763 456 1815 hominibus,
470 1771 489 1806 et
501 1778 569 1806 omnes
582 1765 666 1806 ostiatim
680 1764 748 1806 domos

62 1848 157 1901 occupant
168 1855 189 1884 ac
201 1839 237 1884 sibi
247 1841 348 1899 geniorum
360 1854 431 1882 nornen
443 1842 560 1883 assumunt.‘¹
579 1841 671 1893 Ulterius,
684 1856 749 1884 secun-

62 1917 109 1962 dum
119 1933 170 1971 eum,
179 1918 291 1963 huiusmodi
300 1919 352 1978 genii
362 1933 403 1962 sese
412 1918 523 1978 corporibus
532 1920 635 1962 hominum
644 1921 748 1972 insinuant,

62 1996 136 2040 occulte
148 1998 169 2039 in
179 1996 283 2041 visceribus
295 2003 405 2056 operantur,
417 1996 477 2040 citant
488 1995 573 2049 morbos,
586 2005 658 2040 terrent
670 2000 749 2041 somniis

63 2075 144 2126 animos,
155 2082 174 2119 et
183 2082 258 2118 mentes
269 2073 366 2118 furoribus
376 2075 471 2133 quatiunt.

102 2158 155 2201 Ante
165 2159 231 2201 omnia
243 2156 434 2201 animadvertendum
445 2164 479 2211 est,
491 2160 618 2212 Lactantium,
630 2161 660 2203 cui
671 2160 750 2220 quidem

64 2233 118 2279 fama
128 2235 243 2279 immortalis
254 2243 282 2280 est
293 2235 425 2279 facundissimi
436 2237 523 2289 rhetoris,
536 2237 561 2281 ad
573 2237 693 2296 theologiam
704 2254 750 2282 vero

63 2312 117 2372 quod
132 2321 210 2374 spectat,
224 2327 265 2356 non
279 2313 385 2357 admodum
399 2328 484 2357 securam
497 2316 617 2375 minimeque
631 2315 750 2376 profundam

63 2389 155 2450 praebere
165 2390 281 2444 doctrinam;
292 2390 345 2450 quod
356 2390 435 2450 quidem
445 2393 465 2434 in
475 2392 519 2435 loco
529 2394 588 2436 citato
597 2393 659 2436 nitide
668 2394 750 2438 illustra-

64 2474 100 2512 tur.
116 2469 236 2528 Opinionem
245 2470 298 2512 enirn
306 2470 363 2511 istam
372 2468 460 2512 funditus
469 2478 551 2513 erratam
561 2471 688 2531 amplectitur,
697 2474 751 2515 iuxta
772 2491 774 2493 ·

64 2561 123 2605 quam
135 2547 200 2605 angeli
211 2546 299 2590 custodes
311 2548 331 2589 in
343 2548 398 2589 initio
410 2548 512 2592 carnaliter
523 2565 566 2592 cum
578 2551 689 2595 hominibus
701 2566 750 2594 corn-

64 2642 125 2651 --.

106 2683 205 2719 saniliare
215 2683 321 2723 institutiones,
333 2688 341 2717 2
353 2688 370 2719 15
384 2684 420 2726 (PL.
431 2686 440 2718 6
452 2689 470 2722 33
483 2685 497 2727 ),
