1657 3045
274 511 374 563 CAPUT
387 513 510 563 PRIMUM

180 657 364 704 ARGUMENTA
378 657 604 703 SCRIPTURISTICA

89 883 109 924 X
127 881 213 927 SACRA
230 882 376 925 SCRIPTURA
394 894 435 923 non
453 879 560 924 afferuntur
578 879 603 923 ad
622 879 736 922 sententiam

102 952 237 999 affirmativam
245 952 338 997 tuendam
346 953 384 996 nisi
391 953 448 1012 pauci
456 959 519 996 textus
528 953 580 1011 iique
588 950 645 994 valde
654 950 736 995 dubiosi.

90 1025 112 1088 i)
131 1026 310 1070 CHRISTIANUS
324 1025 520 1076 DRUTHMARUS,
535 1024 656 1068 Corbeiensis
670 1037 736 1066 mona-

51 1102 97 1145 chus
108 1114 156 1144 saec.
168 1106 187 1152 9,
198 1098 348 1143 commentando
360 1099 431 1143 Christi
442 1097 501 1143 verba
513 1098 538 1142 de
549 1098 635 1158 puerulis
650 1096 698 1158 (Mt.
713 1103 736 1140 18

52 1174 98 1235 10):
112 1175 170 1234 “quia
180 1174 245 1233 angeli
255 1188 323 1217 eorum
332 1174 353 1217 in
363 1173 422 1217 coelis
433 1186 508 1232 semper
518 1171 585 1217 uident
595 1172 666 1216 faciem
676 1173 737 1215 Patris

50 1249 107 1300 mei,”
117 1249 152 1292 ait:
163 1248 203 1291 “Ex
212 1249 249 1291 hoc
258 1247 301 1291 loco
311 1255 363 1291 etex
373 1247 415 1290 aliis
425 1248 533 1290 invenimus
543 1245 597 1306 quod
606 1246 738 1305 unusquisque

50 1322 110 1364 homo
122 1319 171 1364 duos
183 1320 263 1379 angelos
275 1319 334 1364 habet
345 1319 381 1364 sibi
393 1319 495 1380 deputatos
508 1336 519 1363 a
531 1319 564 1362 die
575 1327 627 1362 ortus
639 1334 700 1379 usque
712 1318 738 1361 ad

51 1393 103 1437 diem
111 1394 179 1437 mortis
189 1408 240 1446 suae,
249 1392 323 1437 bonum
333 1400 351 1436 et
360 1392 461 1436 malurn.’'1
471 1394 514 1446 Ast,
524 1399 588 1436 textus
596 1394 633 1436 iste
641 1392 738 1436 Matthaei

50 1468 119 1511 citatur
129 1466 209 1527 quidem
218 1468 346 1512 connituniter
356 1482 392 1527 pro
402 1465 490 1511 doctrina
501 1466 526 1511 de
536 1466 610 1525 angelis
621 1464 737 1518 custodibus,

52 1539 85 1584 sed
94 1554 218 1601 nequaquam
227 1555 251 1585 ex
262 1555 284 1584 eo
296 1541 381 1601 sequitur
390 1555 548 1601 unumquemque
558 1541 658 1583 hominem
668 1538 738 1583 habere

52 1614 87 1659 sibi
96 1614 211 1674 deputatum
221 1614 313 1674 angelum
321 1615 401 1666 maium,
411 1630 473 1675 eoque
482 1616 550 1674 magis,
560 1616 600 1658 iam
610 1630 621 1658 a
630 1612 662 1658 die
671 1613 738 1658 nativi-

52 1688 102 1732 tatis.
119 1689 222 1745 Quaenam
232 1696 296 1733 autem
305 1695 384 1748 possent
395 1703 435 1732 esse
444 1689 483 1732 alia
493 1688 541 1741 loca,
552 1687 655 1748 dequibus
666 1689 739 1731 Druth-

52 1774 116 1804 marus
129 1762 221 1821 loquitur,
233 1763 254 1805 in
266 1761 389 1821 sequentibus
402 1761 481 1821 patebit.

91 1835 216 1893 Frequentius
234 1835 316 1876 citantur
333 1833 372 1877 duo
390 1835 502 1893 praesertim
518 1835 562 1877 loca
579 1836 628 1877 circa
645 1835 739 1891 JUDAM

52 1904 238 1959 TRADITOREM,
249 1907 295 1959 scil,
305 1909 333 1950 Io.
345 1912 368 1954 13
380 1912 399 1951 2:
412 1908 468 1951 “cum
478 1906 567 1951 diabolus
577 1909 617 1950 iam
626 1908 709 1950 misisset
719 1908 740 1950 in

53 1994 85 2022 cor
95 1987 117 2022 ut
127 1979 211 2023 traderet
221 1995 265 2024 eum
275 1980 352 2038 Judas,’'
364 1982 394 2024 cui
405 1980 486 2023 refertur
497 1982 555 2024 etiam
565 1981 616 2024 iliud
625 1983 656 2025 Pr,
669 1987 706 2024 108
718 1983 737 2025 6:

54 2053 86 2096 “et
101 2052 191 2098 diabolus
207 2061 244 2098 stet
260 2068 271 2098 a
287 2053 359 2099 dextris
375 2054 434 2111 ejus‚”
451 2055 511 2115 quod,
528 2056 555 2098 ait
571 2055 685 2107 SUAREZ‚²
703 2056 740 2099 “de

53 2127 133 2185 proprio
148 2127 243 2171 daemone
258 2127 283 2171 ad
297 2127 354 2171 illurn
369 2127 525 2187 impugnandum
539 2128 632 2188 deputato
648 2138 699 2173 recte
713 2130 741 2173 in·

54 2199 165 2258 telligitur.’'
187 2200 292 2256 Quomodo
307 2208 372 2245 autem
385 2202 423 2244 hoc
437 2203 499 2245 “recte
512 2202 644 2261 intelligatur”
659 2218 699 2246 non
713 2210 741 2246 est

55 2271 161 2316 admodum
174 2273 233 2317 facile
245 2274 359 2332 intelligere.
380 2276 461 2327 Etenim,
475 2275 529 2334 quod
542 2284 617 2319 textum
631 2277 649 2320 S.
660 2266 741 2320 'Ioannis

55 2346 128 2397 attinet,
140 2353 162 2389 ut
173 2361 197 2389 ex
209 2348 307 2390 communi
318 2354 493 2391 commentatorum
504 2350 662 2407 interpretatione
675 2348 741 2401 fertur,

55 2416 92 2476 ipsi
105 2417 184 2463 diabolo
198 2418 297 2464 ascribitur
309 2421 414 2479 pessimum
426 2420 477 2464 illud
490 2421 593 2466 consilium
605 2420 666 2480 Judae
679 2423 742 2466 Chris-

54 2496 96 2535 tum
106 2492 201 2546 tradendi,
212 2501 234 2537 ut
243 2495 280 2538 hoc
290 2493 353 2557 modo·
361 2494 530 2549 demonstraretur,
541 2504 614 2556 quanta
624 2496 683 2541 fuerit
693 2504 742 2540 atro-

56 2592 118 2601 ᾖ

97 2643 111 2671 1.
121 2639 176 2673 Christ.
186 2640 290 2680 Druthmarus,
301 2641 317 2674 iu
327 2638 386 2679 Marti,
397 2651 410 2674 c.
420 2645 439 2677 39
450 2641 469 2674 ad
479 2640 504 2676 fin.
517 2642 554 2684 (PL.
565 2644 594 2676 106
606 2643 661 2684 1409).

52 2722 54 2724 Ι
97 2685 111 2714 2.
121 2683 146 2715 De
154 2681 222 2723 Angelis,
232 2688 241 2716 8
252 2688 270 2716 21
281 2688 308 2723 30;
318 2693 333 2725 p.
344 2688 388 2720 1097.
400 2684 401 2688 ’

395 2770 405 2807 5
