1657 3045
263 142 364 179 Druuoua
378 142 520 178 luauounroxa
713 144 734 179 71

48 268 127 320 malum,
138 268 216 328 proprie
226 282 266 310 non
277 266 446 327 comprehenditur
456 283 467 311 a
477 269 516 310 Dei
526 265 654 328 providentia,
665 267 735 309 Tenta-

48 344 122 385 tionem
135 342 187 386 enim
198 342 281 385 intendit
294 341 390 393 diabolus,
403 343 458 386 Deus
470 357 516 385 vero
529 340 653 385 solummodo
667 341 736 383 exerci-

48 416 97 459 tium
108 414 134 459 ad
144 415 240 468 virtutem,
253 430 376 476 quocumque
386 414 446 459 modo
457 416 478 460 id
489 431 541 460 nunc
552 414 592 459 fiat.
604 414 655 458 Aliis
666 414 735 466 verbis,

33 509 34 512 ¹
48 491 91 550 ipsa
98 491 219 549 impugnatio
229 489 343 537 adaemone
350 498 384 541 est,
390 490 488 533 ordinatio
497 499 562 534 autem
570 490 657 533 eiusdem
665 505 676 533 a
683 490 735 540 Deo,

48 577 99 623 quae
108 563 187 623 quidem
197 563 231 608 sub
241 565 278 607 hoc
288 571 375 624 respectu
385 578 437 607 sacra
447 572 481 617 est,
491 566 537 625 quia
546 566 601 608 Deus
611 565 665 607 novit
675 563 736 606 omni-

48 636 84 682 bus
96 638 124 681 uti
136 636 161 681 ad
172 636 251 682 bonum.

43 741 45 743 ·
88 721 116 763 Ex
126 720 164 764 alia
173 728 234 780 parte,
244 728 306 765 totam
315 722 365 764 hanc
375 721 513 765 discussionem
522 720 591 780 effugit
602 721 736 773 PETAVIUS,

40 795 98 837 'sicut
116 802 135 838 et
153 794 186 838 alii
203 796 319 854 posteriores
337 795 422 839 lautores
441 797 546 839 sententiae
565 796 698 848 affirmativae,
715 802 737 839 ut

49 869 145 925 Vasquez,
160 875 202 920 etc,
217 868 329 926 simpliciter
342 868 432 926 negando
447 868 551 911 daemones
566 884 577 911 a
591 870 636 912 Deo
650 869 737 927 quolibet
795 898 797 900 v

49 940 109 984 modo
121 940 217 1001 deputari:
233 942 294 986 “Non
306 943 358 985 enim
369 943 444 985 incitari
457 958 468 985 a
480 943 524 985 Deo
536 942 610 985 malum
622 941 737 986 daemonem

50 1013 138 1058 dicimus:
153 1030 210 1058 acne
222 1016 315 1074 assignari
326 1015 411 1075 quidem,
424 1015 540 1075 attribuique
552 1016 638 1074 singulis,
651 1017 685 1060 sed
696 1031 737 1076 per-

50 1088 101 1131 mitti
117 1087 254 1132 tantummodo
270 1087 355 1141 diabolo,
372 1096 394 1132 ut
410 1104 459 1150 quos
474 1089 521 1133 velit
536 1088 648 1133 custodibus
664 1090 738 1149 angelis

50 1161 163 1206 obiiciat.’'²³
173 1164 273 1206 SUAREZ
282 1163 350 1207 itidem
359 1165 508 1221 assignationem
518 1181 541 1208 ex
550 1172 605 1223 parte
613 1166 653 1208 Dei
662 1165 738 1224 penitus

50 1234 141 1286 excludit,
149 1243 169 1278 et
177 1235 272 1289 subtiliter
279 1235 304 1279 de
311 1237 348 1279 hac
356 1238 469 1295 quaestione
477 1237 595 1289 disserendo,
604 1237 637 1281 ubi
646 1237 670 1281 de
678 1245 738 1280 tenta-

50 1308 104 1351 tione
114 1315 186 1360 movet,
198 1309 348 1367 explicationem
359 1296 383 1353 ab
394 1312 446 1353 Estio
459 1309 563 1353 admissam
575 1310 677 1354 excludere
687 1310 739 1354 vide

50 1387 87 1425 tur.
101 1380 170 1426 Nitide
183 1383 235 1425 enim
248 1381 350 1441 distinguit
363 1383 412 1427 inter
425 1383 533 1428 custodiam
546 1384 660 1443 angelorum
673 1393 693 1428 et
705 1385 739 1427 im-

51 1456 192 1513 pugnationem
206 1455 333 1509 daemonum3
349 1458 402 1516 prior
416 1472 450 1517 per
465 1473 485 1501 se
499 1466 518 1501 et
532 1459 615 1517 positive
630 1467 659 1502 est
673 1474 697 1501 ex
712 1460 739 1500 in-

51 1528 138 1572 tentione
146 1528 191 1581 Dei,
201 1530 296 1589 posterior
304 1545 350 1573 vero
360 1546 384 1573 ex
393 1532 515 1592 concessione
524 1532 563 1575 Dei
572 1532 690 1592 permissivo,
700 1547 740 1574 non

52 1600 166 1655 ordinatim,
176 1601 203 1646 fit.
218 1603 303 1656 Deinde,
313 1606 390 1662 egregie
399 1605 482 1664 explicat
491 1607 566 1658 Suarez,
576 1606 629 1665 quod
638 1607 677 1649 Dei
686 1606 740 1651 boni-

52 1675 87 1717 tati
95 1682 191 1734 repugnat
199 1674 245 1719 dare
254 1676 344 1719 daemoni
351 1684 468 1737 potestatem
475 1679 570 1721 moralem
577 1678 672 1723 tentandi:
685 1680 740 1723 “Nec

53 1749 105 1790 enim
118 1755 188 1807 potest,
202 1749 233 1792 vel
248 1749 355 1809 approbare
370 1750 444 1794 lactum
459 1751 560 1805 daemonis
573 1754 665 1795 tentantis
678 1753 740 1795 homi-

53 1840 103 1877 nem,
112 1825 144 1868 vel
153 1826 264 1884 simpliciter
273 1832 337 1883 potest
344 1825 395 1867 velle
404 1824 460 1868 illud.
469 1827 513 1869 Nec
521 1841 545 1868 ex
553 1827 662 1869 intentione
669 1825 741 1871 directa
797 1839 799 1842 ·

53 1898 106 1942 illius
115 1897 167 1951 lacti,
178 1899 241 1958 potuit
251 1898 307 1950 velle,
317 1905 339 1942 ut
348 1898 413 1956 angeli
422 1899 470 1942 mali
480 1900 500 1942 in
510 1899 547 1943 hoc
558 1913 601 1943 aere
611 1907 740 1952 versarentur;

53 1974 99 2032 quia
109 1974 146 2015 hoc
157 1979 212 2024 esset,
222 1972 273 2015 velle
283 1972 357 2015 malum
367 1972 441 2031 culpae,
453 1979 474 2015 ut
484 1972 550 2025 finem,
561 1980 580 2015 et
590 1973 650 2016 talem
660 1973 741 2017 modum

53 2047 207 2089 incarcerationis
219 2045 343 2097 daemonum,
356 2053 377 2088 ut
388 2045 470 2089 modum
483 2046 508 2090 ad
520 2046 587 2090 illam.
596 2081 600 2090 .
609 2048 666 2106 ,quia
679 2055 742 2090 totum

53 2119 91 2161 hoc
103 2118 231 2161 ministerium
243 2119 340 2161 malorum
353 2118 473 2176 angelorum,
486 2120 525 2178 quo
538 2122 558 2162 in
570 2119 667 2163 tentandis
680 2121 742 2163 homi-

54 2190 111 2236 nibus
120 2199 225 2244 versantur,
235 2205 281 2235 vera
290 2191 348 2250 culpa
357 2199 391 2244 est,
402 2200 421 2236 et
431 2201 536 2251 peccatum.
546 2229 549 2236 .
559 2229 562 2237 .
572 2229 575 2236 .
584 2192 612 2218 ”²⁴

93 2276 198 2318 Distinctio
210 2275 250 2327 illa,
263 2290 301 2334 qua
312 2276 368 2317 Deus
380 2275 485 2319 daemones
497 2276 566 2319 dicitur
578 2279 675 2336 assignare
687 2279 743 2320 unice

54 2354 133 2407 propter
144 2349 255 2392 exercitium
265 2349 355 2401 hominis,
366 2362 406 2391 non
415 2348 491 2393 videtur
502 2364 559 2410 posse
569 2351 663 2395 sustineri.
675 2350 742 2396 Liben-

54 2429 83 2464 ter
98 2421 209 2465 conceditur
223 2422 335 2465 exercitium
349 2422 399 2465 illud
414 2437 455 2466 esse
469 2423 517 2483 quid
531 2423 610 2467 bonum.
626 2426 706 2477 Tamen,
721 2427 742 2467 in

55 2495 161 2554 supposito,
172 2495 226 2538 Deus
237 2494 306 2538 dicitur
316 2494 387 2539 directe
396 2496 448 2540 velle
458 2496 517 2540 talem
528 2497 679 2557 deputationem,
690 2498 742 2542 ideo-

98 2647 206 2685 asperamus,
220 2645 239 2680 de
252 2645 319 2687 Angelis,
334 2650 342 2679 2
357 2651 366 2680 8
381 2651 407 2686 10;
422 2649 444 2682 IV
458 2649 482 2684 34.

98 2691 122 2722 24.
133 2691 191 2728 Suarez,
202 2687 221 2721 de
231 2688 299 2730 Angelis,
310 2693 319 2722 8
332 2693 350 2722 18
363 2694 389 2729 103
401 2699 427 2731 pp,
439 2695 529 2726 loto-1071.
