1633 3045
83 106 105 141 50
282 100 312 137 Dn
324 100 451 137 Sincuronurr
463 98 566 136 Homuuur

82 225 132 270 falso
145 225 245 284 supposito
256 224 365 283 procedere.
383 225 491 275 Enimvero,
503 224 578 267 etiamsi
590 230 640 266 recte
651 236 769 282 praesuppo-

83 306 145 351 natur‚
159 300 216 341 istam
229 299 340 341 citationem
353 298 444 355 Gregorii
457 311 498 340 esse
511 302 604 347 exactam,
617 295 744 339 nihilominus
758 310 769 338 a

83 372 143 431 priori
157 370 256 431 loquendo
271 370 322 414 falsa
337 385 378 414 esse
393 379 463 431 posset,
478 370 561 430 ideoque
576 370 598 423 si,
612 368 664 414 lacto
680 367 769 428 diligenti

84 445 173 489 examine
187 444 285 487 doctrinae
300 445 318 487 S.
334 446 425 503 Gregorii
440 447 476 496 M„
492 444 574 486 inveniri
589 458 629 486 non
644 450 713 501 potest,
729 457 770 485 non

84 517 141 562 debet
152 517 221 577 aliquis
232 518 323 576 Gregorii
333 525 396 561 textus
405 518 450 561 huic
460 524 533 560 remote
543 516 595 560 lorte
606 516 674 560 similis
684 514 770 560 indebita

84 591 177 635 violentia
186 589 211 634 ad
219 591 278 634 talem
287 605 365 635 sensum
373 592 463 651 torqueri.
472 593 501 635 lta
509 605 555 634 vero
564 603 631 649 reapse
639 588 680 633 fieri
689 588 770 633 videtur.

86 663 192 721 Gregorius
206 677 290 722 namque
304 665 324 706 in
338 664 388 716 loco,
402 678 460 723 quem
474 663 520 707 dicti
535 662 617 706 editores
631 661 726 706 adducere
738 676 771 704 vo-

86 735 152 788 lunt,³⁴
164 742 239 779 textum
251 735 286 792 Iob
300 742 310 779 l
326 742 344 780 l:
359 735 463 792 “Quadam
475 735 507 780 die
520 751 563 779 cum
575 735 672 779 venissent
684 733 720 778 filii
732 736 772 779 Dei
806 733 807 736 ’

86 827 151 856 coram
165 812 260 863 Domino,
275 809 340 854 adfuit
354 811 404 854 inter
418 822 451 853 eos
466 811 525 853 etiam
540 810 609 853 Satan'
625 815 772 861 commentatur,

87 899 170 946 eumque
179 884 271 943 intelligit
282 884 306 928 de
317 883 391 942 angelis
401 882 457 928 bonis
467 883 488 926 in
499 881 616 927 adiutorium
626 882 728 926 hominum
739 896 772 942 po-

87 960 134 1010 sitis,
144 967 163 1002 et
172 958 197 1001 de
206 958 263 1000 malis
273 956 298 1000 ad
306 955 441 1015 probationem
450 957 537 1015 ipsorum
546 955 643 1014 deputatis
646 971 651 1007 ;
661 957 698 998 hos
708 962 773 999 autem

87 1041 162 1094 partem
172 1033 274 1085 sinistram,
285 1032 330 1075 illos
339 1047 385 1075 vero
396 1032 494 1075 dexteram
504 1039 566 1084 vocat,
577 1030 691 1076 adducendo
701 1037 713 1079 3
723 1033 772 1092 Rege

89 1117 113 1154 22
128 1117 152 1159 19
165 1124 189 1153 ss.
203 1109 227 1153 de
239 1110 327 1152 Domino
341 1123 397 1168 super
410 1109 481 1152 solium
492 1124 536 1153 cum
549 1111 633 1152 exercitu
646 1125 658 1152 a
670 1109 742 1152 dextris
755 1117 774 1152 et

88 1183 174 1231 sinistris.
191 1187 226 1231 Uti
236 1193 348 1230 contextum
358 1187 449 1245 Gregorii
459 1187 532 1245 legenti
542 1193 601 1246 patet,
613 1200 653 1229 non
664 1186 774 1229 enuntiatur

89 1263 148 1316 aliud,
158 1278 217 1322 quam
226 1264 334 1306 communis
344 1262 432 1306 doctrina
441 1262 466 1307 de
475 1270 530 1322 parte
540 1264 654 1321 angelorum
663 1265 684 1306 in
693 1277 775 1307 oecono-

89 1342 129 1385 mia
140 1341 225 1385 humana
237 1340 295 1384 sicin
306 1339 399 1399 generali:
414 1339 460 1384 boni
473 1339 565 1384 adiuvant
577 1341 671 1393 homines,
684 1355 717 1384 eos
728 1355 775 1383 veru

89 1416 172 1477 probant
184 1417 236 1460 mali.
257 1417 314 1461 Nihil
327 1431 404 1476 prorsus
418 1416 470 1469 dicit,
483 1418 522 1460 imo
536 1417 640 1477 nequidem
653 1418 735 1477 alonge
748 1419 775 1461 in·

91 1496 159 1548 sinuat,
176 1491 229 1554 quod
245 1495 349 1555 unicuique
364 1495 439 1538 homini
455 1494 539 1538 daemon
555 1496 576 1538 in
592 1496 703 1539 exercitium
720 1495 775 1540 adsit.

129 1578 195 1622 Nimis
206 1591 264 1636 porro
275 1592 315 1620 non
326 1577 403 1621 videtur
413 1593 437 1620 ex
448 1578 491 1621 loco
503 1578 560 1621 citato
572 1579 589 1622 S.
601 1579 692 1637 Gregorii
702 1586 776 1623 contra-

90 1657 141 1698 rium
150 1655 248 1707 ascribere,
258 1654 327 1714 quodsi
335 1644 380 1698 uere
389 1655 416 1698 de
423 1654 549 1714 deputatione
558 1655 671 1713 angelorum
680 1655 777 1701 bonorum

90 1732 225 1791 malorumque
233 1732 254 1774 in
263 1730 375 1792 particulari
383 1732 438 1792 loqui
447 1732 535 1776 voluerit.
552 1734 612 1785 Nam,
622 1734 642 1776 in
653 1740 669 1776 1.
680 1748 695 1777 c.
706 1740 717 1781 3
727 1735 776 1793 neg.

92 1824 154 1852 sermo
166 1817 195 1851 est
204 1804 230 1851 ¹de
242 1807 328 1867 quodam
339 1809 416 1866 angelo,
428 1810 462 1868 qui
474 1823 515 1852 sese
527 1809 552 1852 ad
564 1808 700 1868 decipiendum
711 1810 777 1853 richaz

92 1886 221 1945 praesentavit
229 1886 259 1927 his
268 1884 338 1928 verbis:
351 1885 454 1942 “Egrediar
464 1893 483 1928 et
493 1900 525 1929 ero
536 1886 612 1946 spiritus
620 1886 705 1929 mendax
714 1887 735 1929 in
744 1900 778 1930 ore

93 1963 180 2006 omnium
189 1963 328 2022 prophetarum
337 1963 396 2015 eius‚''
407 1977 464 2023 quem
474 1963 562 2023 spiritum
572 1963 678 2021 Gregorius
687 1963 779 2023 intelligit

93 2054 133 2083 esse
144 2039 265 2083 daemonem.
283 2041 302 2083 Si
313 2046 383 2091 autem,
395 2041 495 2098 supposita
505 2042 600 2084 sententia
609 2040 634 2083 de
644 2041 724 2100 proprio
735 2039 778 2083 dae·

92 2130 151 2160 mone
163 2115 304 2175 impugnatore,
316 2117 382 2159 Achaz
394 2124 413 2160 et
424 2117 524 2177 prophetis
535 2118 576 2160 eius
588 2118 628 2160 iam
640 2117 709 2161 ascitus
721 2115 779 2161 luerit

94 2194 171 2253 spiritus
183 2207 273 2251 nequam,
287 2193 386 2251 quomodo
399 2195 463 2253 potuit
475 2194 509 2238 ille
521 2194 584 2237 dicere
597 2194 701 2252 “Egrediar
714 2202 733 2238 et
745 2209 778 2238 ero

94 2271 171 2330 spiritus
182 2268 278 2313 mendax.
287 2305 291 2314 .
300 2304 304 2313 .
313 2271 323 2285 '’
333 2273 341 2314 ?
353 2272 439 2330 Insuper,
451 2272 527 2329 legatur
538 2278 579 2315 tota
591 2272 681 2330 Gregorii
693 2271 780 2315 doctrina

95 2347 119 2392 de
136 2347 250 2406 angelorum
265 2362 331 2391 versus
346 2348 436 2391 homines
452 2350 564 2401 ministerio,
582 2357 601 2392 et
616 2348 718 2402 videbitur,
735 2364 780 2393 eum

94 2425 193 2469 multoties
205 2424 230 2468 de
242 2423 367 2484 deputatione
379 2439 445 2469 eorum
457 2425 538 2485 singulis
550 2426 661 2471 hominibus
673 2428 733 2487 loqui,
746 2426 780 2471 sed

94 2517 118 2546 ne
130 2516 169 2557 una
181 2500 261 2560 quidem
273 2502 342 2544 vocula
354 2503 413 2545 talem
427 2501 575 2563 adscriptionem
588 2502 714 2549 daemonibus
728 2506 779 2548 attri-

136 2638 160 2672 at.
170 2634 249 2675 amarat,
259 2646 271 2668 c.
280 2641 299 2669 20
308 2636 324 2669 ia
334 2641 341 2669 1
352 2637 380 2678 Iob
392 2638 428 2678 (PL.
438 2643 456 2673 75
467 2643 495 2673 572
505 2639 525 2679 s.)
