1633 3045
288 493 388 542 cnrur
410 492 563 556 Quantum
588 463 590 465 ¹

149 638 334 683 ARGUMENTA
350 638 485 683 RATIONIS
501 636 704 682 THEOLOGICAEv
750 634 752 636 ’

124 856 143 897 X
154 854 279 898 OMNIBUS
289 855 403 898 testimoniis
413 855 433 897 in
443 861 518 914 partem
529 853 663 897 affirmativam
673 854 772 912 hucusque

140 927 233 979 adductis,
241 930 279 970 hoc
287 929 389 987 praecipue
397 942 437 971 non
445 935 473 970 est
481 927 648 986 praetereundum,
654 927 707 986 quod
716 928 771 969 nimi-

84 1014 127 1043 rum
137 1001 196 1044 thesis
205 1001 241 1043 ista
250 1001 290 1043 iam
299 1000 323 1044 ab
332 1001 387 1042 initio
397 1000 455 1043 valde
464 999 612 1042 indeterminate
621 998 770 1059 proponebatur,

85 1073 191 1116 Dicebatur
202 1074 253 1115 enim
263 1072 380 1131 simpliciter,
391 1072 439 1115 duos
450 1074 530 1130 angelos
540 1073 616 1115 homini
626 1073 729 1131 unicuique
740 1071 771 1114 ad·

85 1152 135 1188 stare
144 1147 184 1188 sive
191 1160 267 1197 vacare3
277 1145 376 1204 quomodo
386 1152 451 1188 autem
460 1146 497 1189 hoc
506 1144 566 1198 fieret,
576 1144 645 1189 nullibi
655 1145 771 1204 explicatum

86 1225 119 1262 est.
139 1219 194 1262 Solus
206 1219 223 1261 S.
237 1219 343 1276 Gregorius
355 1220 455 1275 Nyssenus
467 1219 610 1263 distinctionem
622 1219 675 1270 lacit,
689 1219 772 1276 assigna-

85 1293 159 1335 tionem
172 1291 236 1349 angeli
249 1291 332 1335 custodis
346 1293 390 1335 Deo
403 1290 521 1344 ascribendo¹
536 1293 570 1337 sed
583 1291 683 1336 daemonis
694 1292 771 1336 insidia·

85 1366 132 1409 toris
143 1367 208 1425 potius
222 1364 300 1409 diabolo
313 1367 420 1425 corruptori
432 1374 518 1418 naturae,
532 1375 553 1410 ut
565 1366 626 1409 videri
639 1373 703 1426 potest
715 1380 772 1426 supra

85 1454 104 1499 p.
113 1446 144 1485 27.
153 1439 285 1493 Hildebertus
293 1443 360 1500 Hugo,
369 1448 388 1484 et
395 1441 491 1500 Magister
499 1442 578 1501 eiusque
585 1441 693 1501 pedisequil
702 1447 772 1484 utram-

87 1527 124 1573 que
135 1513 280 1573 deputationem
289 1514 326 1573 ipsi
337 1515 381 1557 Deo
392 1513 482 1556 videntur
492 1514 602 1558 attribuere:
616 1515 680 1572 angeli
691 1514 737 1559 boni
748 1512 773 1558 ad

87 1586 200 1636 custodiam,
215 1585 315 1629 daemonis
329 1601 374 1629 vero
389 1586 414 1629 ad
429 1588 545 1630 exercitium.
566 1588 664 1638 Attamen,
679 1594 773 1646 quantum

87 1664 112 1707 ad
128 1677 205 1707 causam
221 1651 335 1706 efficientem
350 1662 429 1704 huiusce
446 1660 576 1719 deputationis
593 1661 714 1720 singulorum
730 1660 773 1704 dae-

86 1752 167 1781 monum
175 1737 334 1795 impugnatorum
343 1734 416 1794 duplex
424 1734 535 1794 perhibetur
543 1734 667 1794 possibilitas:
678 1735 710 1779 vel
719 1736 773 1778 Deus

87 1811 161 1854 dicatur
174 1824 232 1853 causa
245 1808 356 1868 principalis
371 1815 390 1851 et
404 1807 509 1851 daemones
522 1816 598 1851 tantum
612 1809 773 1859 instrumentales,

87 1884 118 1926 vel
132 1884 173 1942 ipse
186 1882 333 1925 daemoniorum
347 1883 436 1940 princeps
449 1888 533 1940 ponatur
546 1895 603 1924 causa
617 1880 728 1940 principalis
742 1881 773 1924 de-

87 1964 158 2015 putans
167 1970 212 1999 suos
221 1954 327 2006 interiores,
337 1955 382 1998 Deo
391 1961 466 1998 tantum
476 1956 604 2014 permittente.
621 1956 678 2011 Quae
687 1956 774 2016 quaestio

88 2031 108 2073 in
119 2028 241 2088 sequentibus
252 2028 385 2086 exagitabitur.

128 2104 233 2146 Ostensum
247 2102 286 2145 iam
300 2109 334 2153 est,
349 2102 448 2161 quomodo
462 2117 486 2145 ex
500 2117 514 2145 s.
529 2103 624 2162 Scriptura
639 2110 657 2145 et
671 2102 774 2146 traditione

88 2179 188 2237 suppetiae
202 2177 279 2219 nonnisi
295 2177 376 2235 exiguae
391 2176 416 2220 ad
431 2177 546 2221 sententiam
561 2175 695 2220 affirmativam
711 2176 774 2221 solido

88 2266 132 2294 cum
141 2249 268 2292 fundamento
278 2249 414 2292 adstruendam
425 2248 488 2292 afferri
498 2251 581 2309 possint;
591 2248 681 2308 equidem
690 2251 715 2294 ad
725 2266 774 2293 sum·

87 2339 142 2367 mum
153 2322 229 2366 videtur
240 2321 329 2366 concludi
341 2322 365 2366 ad
377 2322 482 2382 aliqualem
494 2321 655 2383 probabilitatem.
674 2325 711 2368 Ast
721 2340 774 2377 uero,

89 2413 136 2442 cum
143 2397 168 2441 de
179 2412 199 2441 re
211 2397 275 2456 aliqua
286 2405 392 2448 moveatur,
404 2411 453 2456 quae
465 2399 520 2441 unice
532 2413 543 2441 a
554 2397 614 2443 libera
624 2399 664 2441 Dei
674 2400 775 2442 voluntate

88 2500 150 2507 --

131 2538 143 2566 1,
154 2535 212 2565 Dicunt
224 2534 267 2570 enim,
281 2534 334 2572 cuique
346 2532 432 2573 deputatum
445 2544 476 2565 esse
488 2545 535 2565 unum
547 2533 603 2566 bonum
616 2535 685 2575 angelum
697 2535 716 2567 ad
728 2542 775 2568 custo·

90 2575 130 2608 dlam
138 2581 152 2608 et
160 2585 208 2608 unum
216 2574 272 2606 malurn
281 2574 300 2607 ad
309 2575 399 2608 exercitium.
408 2576 447 2608 Cum
456 2576 496 2608 enim
504 2576 565 2617 angelus
575 2582 623 2609 custos
632 2589 641 2610 a
650 2578 684 2610 Deo
693 2577 776 2618 deputetur,

89 2618 158 2651 videntur
169 2619 193 2651 isti
204 2618 292 2658 intelligere,
303 2618 360 2650 ratione
370 2619 442 2659 paritatis,
453 2630 498 2660 quarn
509 2619 573 2659 trahunt,
585 2630 593 2651 a
603 2620 638 2653 Deo
649 2621 720 2661 assignari
732 2621 776 2653 etiam

90 2661 177 2694 daemonem
185 2660 204 2692 ad
213 2661 303 2693 exercitium.

421 2745 444 2784 56
