1633 3045
103 172 133 200 vn
351 160 543 199 Innnxnnnnncns

726 288 747 318 na
757 286 791 318 inae

143 357 160 395 2.
174 350 300 393 EPISTOLA
313 349 465 402 BARNABAE,
479 363 519 392 non
533 347 586 392 favet
600 349 706 392 sententiae
747 297 757 327 g

175 411 301 456 affirmativae
318 445 702 457 ..............................
722 416 751 462 17,
768 416 791 454 18

145 513 162 555 5,
176 507 231 557 Varii
244 513 307 550 textus
321 521 345 550 ex
357 506 477 567 ORIGENE
489 504 593 566 desumpti:
609 506 641 549 De
654 503 707 548 Prin·

176 570 230 630 cipiis
241 576 252 618 5
263 575 283 623 2;
294 572 354 613 Hom.
365 575 389 617 25
400 570 420 613 in
430 566 468 627 Jos.
479 585 498 612 n.
509 576 529 622 5;
539 569 560 613 in
569 571 603 630 Ep.
614 567 640 613 ad
649 570 705 615 Rom,

178 639 188 675 1
199 639 232 686 18;
241 635 301 676 Hom,
312 638 337 676 12
345 634 366 677 in
374 634 430 684 an.;
438 633 498 677 Hom.
508 638 532 680 35
541 634 562 677 in
569 634 625 684 Lues
635 633 707 675 Contra

177 695 255 740 Celsum
268 702 279 740 8
292 698 324 747 65,
337 711 361 740 ex
372 694 442 755 quibus
455 696 578 740 solummodo
591 695 630 738 duo
643 695 707 739 ultimi

177 757 201 803 de
211 760 291 818 proprio
302 757 398 802 daemone
408 758 474 807 valent
489 792 702 803 .................
722 763 745 801 18
753 782 759 788 -
767 763 791 804 25

144 852 162 894 1.
176 851 347 894 LACTANTIUS
362 850 418 910 (Din.
430 852 514 894 Institut.
527 857 539 894 8
553 850 598 910 15),
610 852 706 894 immerito

176 914 244 956 citatur
268 946 703 957 ..................................
722 917 753 963 25,
767 912 793 955 24

146 1015 163 1054 5,
177 1007 379 1051 TERTULLIANUS
398 1006 441 1067 (De
455 1007 528 1051 Anima
543 1023 568 1051 cc.
585 1013 610 1055 39
626 1015 644 1051 et
661 1006 706 1067 57),

178 1077 240 1113 textus
249 1085 290 1113 non
298 1078 327 1115 est
336 1070 361 1114 ad
370 1084 411 1114 tem
424 1104 703 1114 ......................
721 1070 793 1112 24-26

145 1168 163 1208 6.
177 1165 195 1208 S.
207 1165 323 1208 BASILIUS
337 1164 370 1225 (In
381 1166 405 1208 Is.
419 1170 430 1211 5
443 1162 488 1224 12),
500 1164 585 1224 loquitur
596 1163 621 1208 de
632 1165 707 1224 impug-

177 1228 256 1270 natione
267 1226 363 1270 diabolica
373 1229 395 1269 in
404 1241 475 1285 genere
491 1261 703 1270 .................
722 1228 753 1278 26,
768 1232 792 1271 27

146 1328 163 1364 7.
178 1320 195 1363 S,
212 1320 363 1364 GREGORIUS
378 1320 514 1364 NYSSENUS
532 1318 575 1379 (De
591 1319 707 1376 1111111110)-

177 1382 224 1444 sis),
235 1388 300 1442 aperte
310 1389 362 1425 tenet
373 1383 487 1425 sententiam
498 1382 633 1426 affirmativam
647 1417 703 1426 ,,,,,
722 1388 746 1426 27
754 1407 761 1413 -
768 1387 793 1430 29

146 1482 164 1520 8,
179 1476 196 1519 S.
210 1476 424 1520 CHRYSOSTOMUS
440 1475 512 1534 (Hom.
525 1482 537 1524 5
551 1476 572 1519 in
585 1477 619 1535 Epi
633 1474 659 1520 ad
672 1477 708 1519 Co·

178 1536 223 1582 loss.
235 1538 266 1599 1),
276 1538 328 1582 falso
337 1538 406 1582 dieitur
416 1537 517 1597 sufftagari
530 1573 705 1583 ..............
723 1544 754 1591 29,
769 1544 793 1586 50

144 1640 162 1681 9.
176 1634 382 1677 TESTAMENTUM
397 1639 421 1676 12
435 1633 675 1686 PATRIARCHARUM,
689 1634 707 1685 4,
798 1652 800 1658 ·

178 1709 218 1738 non
229 1694 254 1738 de
264 1697 343 1754 pnoprio
355 1694 450 1738 daemone
465 1729 705 1739 ...................
770 1701 794 1742 50

135 1795 164 1832 10.
178 1789 245 1833 OPUS
257 1788 446 1832 IMPERFECTUM
458 1790 489 1833 IN
500 1789 613 1840 ΜΑΤΤΗ,
624 1789 708 1834 Hom}

179 1851 256 1894 nullum
266 1851 287 1894 in
297 1852 333 1895 hac
343 1866 364 1894 te
374 1850 433 1894 habet
443 1851 529 1894 valorem
543 1886 705 1895 .............
769 1857 793 1899 51

136 1950 165 1988 11,
179 1945 268 2050 ΒΞΚΜΟ
282 1946 323 1987 11)
337 1945 452 1988 FRATRES
467 1946 498 1990 ΙΝ
513 1945 610 1997 EREMO,
626 1958 666 1987 non
681 1951 709 1987 est

179 2022 189 2050 a
214 2022 255 2050 rem
269 2041 705 2051 ..................................
724 2013 754 2059 51,
770 2014 793 2055 52

135 2106 165 2144 12.
179 2100 329 2153 CASSIANUS,
344 2099 424 2144 indubie
438 2100 491 2144 favet
507 2102 613 2144 sententiae
628 2100 710 2144 affirma·
783 2165 795 2206 4

179 2165 230 2206 tivae
243 2197 704 2208 ....................................
724 2170 781 2211 52-5

135 2263 165 2303 15,
180 2257 338 2301 ANTIOCHUS
354 2257 466 2309 LAURAE,
482 2272 527 2300 vere
543 2256 606 2301 eidem
621 2258 709 2316 opinioni
777 2295 780 2302 .

177 2320 308 2378 pattocinetur
321 2354 705 2364 ..............................
770 2323 794 2369 54

135 2414 165 2457 11.
179 2413 311 2456 TRADITIO
319 2414 472 2456 GENTILIUM
480 2415 500 2455 in
508 2413 597 2456 favorem
605 2415 710 2457 sententiae

179 2474 204 2518 de
213 2477 291 2533 gemino
301 2475 371 2533 angelo
381 2476 449 2533 cuique
459 2478 533 2518 homini
543 2476 660 2520 adhaerente
669 2491 709 2519 cur-

153 2581 155 2583 ,
179 2540 220 2582 sivo
231 2538 306 2582 calamo
317 2539 437 2582 examinatur
452 2573 521 2583 ......
523 2535 526 2543 “
530 2573 704 2584 ..............
723 2540 793 2588 51-57

179 2612 265 2655 Bteviter
274 2618 382 2655 recensetur
392 2618 433 2656 tota
444 2612 522 2656 traditio
533 2614 582 2656 circa
592 2615 642 2656 hanc
652 2628 709 2673 quae-

179 2675 262 2718 stionem
282 2708 705 2719 .................................
724 2683 754 2729 57,
770 2684 794 2724 58
