<?xml version="1.0" encoding="UTF-8"?>
<!DOCTYPE html PUBLIC "-//W3C//DTD XHTML 1.0 Transitional//EN"
    "http://www.w3.org/TR/xhtml1/DTD/xhtml1-transitional.dtd">
<html xmlns="http://www.w3.org/1999/xhtml" xml:lang="en" lang="en">
 <head>
  <title>
</title>
<meta http-equiv="Content-Type" content="text/html;charset=utf-8" />
  <meta name='ocr-system' content='tesseract 3.04.00' />
  <meta name='ocr-capabilities' content='ocr_page ocr_carea ocr_par ocr_line ocrx_word'/>
</head>
<body>
  <div class='ocr_page' id='page_1' title='image "MN41545ucmf_5_0081.png"; bbox 0 0 1657 3045; ppageno 0'>
   <div class='ocr_carea' id='block_1_1' title="bbox 247 114 718 154">
    <p class='ocr_par' dir='ltr' id='par_1_1' title="bbox 247 114 718 154">
     <span class='ocr_line' id='line_1_1' title="bbox 247 114 718 154; baseline 0 0"><span class='ocrx_word' id='word_1_1' title='bbox 247 116 348 154; x_wconf 79' lang='lat' dir='ltr'><strong>Daunonu</strong></span> <span class='ocrx_word' id='word_1_2' title='bbox 362 117 503 154; x_wconf 76' lang='lat' dir='ltr'><strong>Inruonnroua</strong></span> <span class='ocrx_word' id='word_1_3' title='bbox 696 114 718 154; x_wconf 76' lang='grc'><strong>45</strong></span> 
     </span>
    </p>
   </div>
   <div class='ocr_carea' id='block_1_2' title="bbox 33 239 721 1038">
    <p class='ocr_par' dir='ltr' id='par_1_2' title="bbox 33 239 721 1038">
     <span class='ocr_line' id='line_1_2' title="bbox 33 239 720 296; baseline -0.012 -5"><span class='ocrx_word' id='word_1_4' title='bbox 33 244 112 292; x_wconf 86' lang='lat' dir='ltr'><strong>maximi</strong></span> <span class='ocrx_word' id='word_1_5' title='bbox 125 251 153 287; x_wconf 88' lang='lat' dir='ltr'><strong>est</strong></span> <span class='ocrx_word' id='word_1_6' title='bbox 165 243 265 287; x_wconf 79' lang='lat' dir='ltr'><strong>momenti.</strong></span> <span class='ocrx_word' id='word_1_7' title='bbox 285 241 416 296; x_wconf 78' lang='lat' dir='ltr'>Hildebertus,</span> <span class='ocrx_word' id='word_1_8' title='bbox 430 260 453 287; x_wconf 83' lang='lat' dir='ltr'><strong>ex</strong></span> <span class='ocrx_word' id='word_1_9' title='bbox 466 244 519 288; x_wconf 91' lang='lat' dir='ltr'><strong>cuius</strong></span> <span class='ocrx_word' id='word_1_10' title='bbox 532 242 624 287; x_wconf 81' lang='lat' dir='ltr'><strong>Tractatu</strong></span> <span class='ocrx_word' id='word_1_11' title='bbox 637 239 720 284; x_wconf 82' lang='lat' dir='ltr'><strong>Theolo-</strong></span> 
     </span>
     <span class='ocr_line' id='line_1_3' title="bbox 33 316 719 381; baseline -0.006 -19"><span class='ocrx_word' id='word_1_12' title='bbox 33 321 74 381; x_wconf 83' lang='lat' dir='ltr'><strong>gico</strong></span> <span class='ocrx_word' id='word_1_13' title='bbox 88 319 133 361; x_wconf 90' lang='lat' dir='ltr'><strong>satis</strong></span> <span class='ocrx_word' id='word_1_14' title='bbox 145 331 240 377; x_wconf 84' lang='lat' dir='ltr'>superque</span> <span class='ocrx_word' id='word_1_15' title='bbox 251 325 350 360; x_wconf 82' lang='lat' dir='ltr'><strong>mutuasse</strong></span> <span class='ocrx_word' id='word_1_16' title='bbox 360 317 467 361; x_wconf 83' lang='lat' dir='ltr'><strong>Robertum</strong></span> <span class='ocrx_word' id='word_1_17' title='bbox 479 318 556 361; x_wconf 89' lang='lat' dir='ltr'><strong>Pullum</strong></span> <span class='ocrx_word' id='word_1_18' title='bbox 569 325 588 361; x_wconf 92' lang='lat' dir='ltr'><strong>et</strong></span> <span class='ocrx_word' id='word_1_19' title='bbox 600 317 664 376; x_wconf 89' lang='lat' dir='ltr'><strong>ipsum</strong></span> <span class='ocrx_word' id='word_1_20' title='bbox 676 316 719 358; x_wconf 90' lang='lat' dir='ltr'><strong>Ma·</strong></span> 
     </span>
     <span class='ocr_line' id='line_1_4' title="bbox 34 388 720 453; baseline -0.004 -18"><span class='ocrx_word' id='word_1_21' title='bbox 34 394 115 453; x_wconf 76' lang='lat' dir='ltr'><strong>gistrum</strong></span> <span class='ocrx_word' id='word_1_22' title='bbox 130 391 271 434; x_wconf 81' lang='lat' dir='ltr'><strong>Sententiarum</strong></span> <span class='ocrx_word' id='word_1_23' title='bbox 288 390 355 435; x_wconf 91' lang='lat' dir='ltr'><strong>solidis</strong></span> <span class='ocrx_word' id='word_1_24' title='bbox 371 391 477 436; x_wconf 89' lang='lat' dir='ltr'><strong>rationibus</strong></span> <span class='ocrx_word' id='word_1_25' title='bbox 492 392 597 443; x_wconf 84' lang='lat' dir='ltr'><strong>coniicitur,</strong></span> <span class='ocrx_word' id='word_1_26' title='bbox 613 388 676 434; x_wconf 87' lang='lat' dir='ltr'><strong>iactus</strong></span> <span class='ocrx_word' id='word_1_27' title='bbox 692 396 720 432; x_wconf 88' lang='lat' dir='ltr'><strong>est</strong></span> 
     </span>
     <span class='ocr_line' id='line_1_5' title="bbox 34 462 720 524; baseline -0.004 -15"><span class='ocrx_word' id='word_1_28' title='bbox 34 465 152 510; x_wconf 90' lang='lat' dir='ltr'><strong>scholiarcha</strong></span> <span class='ocrx_word' id='word_1_29' title='bbox 164 466 316 507; x_wconf 83' lang='lat' dir='ltr'><strong>Cenomanensis</strong></span> <span class='ocrx_word' id='word_1_30' title='bbox 328 479 343 507; x_wconf 87' lang='lat' dir='ltr'><strong>c.</strong></span> <span class='ocrx_word' id='word_1_31' title='bbox 358 470 416 517; x_wconf 79' lang='lat'>10873</span> <span class='ocrx_word' id='word_1_32' title='bbox 429 466 492 524; x_wconf 88' lang='lat' dir='ltr'><strong>potuit</strong></span> <span class='ocrx_word' id='word_1_33' title='bbox 504 468 555 509; x_wconf 92' lang='lat' dir='ltr'><strong>hunc</strong></span> <span class='ocrx_word' id='word_1_34' title='bbox 567 471 670 508; x_wconf 86' lang='lat' dir='ltr'><strong>tractatum</strong></span> <span class='ocrx_word' id='word_1_35' title='bbox 682 462 720 506; x_wconf 90' lang='lat' dir='ltr'><strong>ela-</strong></span> 
     </span>
     <span class='ocr_line' id='line_1_6' title="bbox 34 537 720 597; baseline -0.01 -12"><span class='ocrx_word' id='word_1_36' title='bbox 34 539 111 585; x_wconf 88' lang='lat' dir='ltr'><strong>borasse</strong></span> <span class='ocrx_word' id='word_1_37' title='bbox 122 537 211 581; x_wconf 85' lang='lat' dir='ltr'><strong>Cluniaci</strong></span> <span class='ocrx_word' id='word_1_38' title='bbox 222 553 238 581; x_wconf 91' lang='lat' dir='ltr'><strong>c.</strong></span> <span class='ocrx_word' id='word_1_39' title='bbox 253 539 309 591; x_wconf 75' lang='lat' dir='ltr'><strong>tosa,</strong></span> <span class='ocrx_word' id='word_1_40' title='bbox 322 552 361 597; x_wconf 87' lang='lat' dir='ltr'><strong>quo</strong></span> <span class='ocrx_word' id='word_1_41' title='bbox 374 546 461 596; x_wconf 89' lang='lat' dir='ltr'><strong>tempore</strong></span> <span class='ocrx_word' id='word_1_42' title='bbox 472 538 502 581; x_wconf 89' lang='grc'><strong>1111</strong></span> <span class='ocrx_word' id='word_1_43' title='bbox 514 538 553 581; x_wconf 94' lang='lat' dir='ltr'><strong>duo</strong></span> <span class='ocrx_word' id='word_1_44' title='bbox 566 537 629 581; x_wconf 90' lang='lat' dir='ltr'><strong>adhuc</strong></span> <span class='ocrx_word' id='word_1_45' title='bbox 641 539 720 580; x_wconf 86' lang='lat' dir='ltr'><strong>iuvenes</strong></span> 
     </span>
     <span class='ocr_line' id='line_1_7' title="bbox 34 611 719 671; baseline 0 -15"><span class='ocrx_word' id='word_1_46' title='bbox 34 619 93 657; x_wconf 89' lang='lat' dir='ltr'><strong>erant.</strong></span> <span class='ocrx_word' id='word_1_47' title='bbox 111 614 159 664; x_wconf 90' lang='lat' dir='ltr'><strong>Imo,</strong></span> <span class='ocrx_word' id='word_1_48' title='bbox 170 611 246 654; x_wconf 86' lang='lat' dir='ltr'><strong>videtur</strong></span> <span class='ocrx_word' id='word_1_49' title='bbox 256 611 382 655; x_wconf 81' lang='lat' dir='ltr'><strong>Hildebertus</strong></span> <span class='ocrx_word' id='word_1_50' title='bbox 393 613 430 655; x_wconf 91' lang='lat' dir='ltr'><strong>hoc</strong></span> <span class='ocrx_word' id='word_1_51' title='bbox 441 626 490 671; x_wconf 89' lang='lat' dir='ltr'><strong>opus</strong></span> <span class='ocrx_word' id='word_1_52' title='bbox 501 620 520 655; x_wconf 91' lang='lat' dir='ltr'><strong>et</strong></span> <span class='ocrx_word' id='word_1_53' title='bbox 530 613 572 671; x_wconf 87' lang='lat' dir='ltr'><strong>ipse</strong></span> <span class='ocrx_word' id='word_1_54' title='bbox 581 613 656 655; x_wconf 88' lang='lat' dir='ltr'><strong>iuvenis</strong></span> <span class='ocrx_word' id='word_1_55' title='bbox 667 626 682 654; x_wconf 91' lang='lat' dir='ltr'><strong>c.</strong></span> <span class='ocrx_word' id='word_1_56' title='bbox 695 616 719 656; x_wconf 78' lang='lat'><strong>25</strong></span> 
     </span>
     <span class='ocr_line' id='line_1_8' title="bbox 35 683 720 745; baseline -0.004 -16"><span class='ocrx_word' id='word_1_57' title='bbox 35 699 129 729; x_wconf 86' lang='lat' dir='ltr'><strong>annorum</strong></span> <span class='ocrx_word' id='word_1_58' title='bbox 141 684 149 745; x_wconf 90' lang='lat'><strong>(</strong></span> <span class='ocrx_word' id='word_1_59' title='bbox 167 687 174 727; x_wconf 81' lang='grc'><strong>1</strong></span> <span class='ocrx_word' id='word_1_60' title='bbox 190 683 199 744; x_wconf 88' lang='grc'>)</span> <span class='ocrx_word' id='word_1_61' title='bbox 211 685 347 744; x_wconf 87' lang='lat' dir='ltr'><strong>composuisse.</strong></span> <span class='ocrx_word' id='word_1_62' title='bbox 364 686 442 728; x_wconf 86' lang='lat' dir='ltr'><strong>Certum</strong></span> <span class='ocrx_word' id='word_1_63' title='bbox 452 692 479 727; x_wconf 93' lang='lat' dir='ltr'><strong>est</strong></span> <span class='ocrx_word' id='word_1_64' title='bbox 487 686 551 745; x_wconf 90' lang='lat' dir='ltr'><strong>ipsum</strong></span> <span class='ocrx_word' id='word_1_65' title='bbox 559 700 574 729; x_wconf 88' lang='lat' dir='ltr'><strong>c.</strong></span> <span class='ocrx_word' id='word_1_66' title='bbox 585 690 634 731; x_wconf 75' lang='lat'>1133</span> <span class='ocrx_word' id='word_1_67' title='bbox 644 685 720 735; x_wconf 90' lang='lat' dir='ltr'><strong>obiisse,</strong></span> 
     </span>
     <span class='ocr_line' id='line_1_9' title="bbox 36 756 719 819; baseline -0.001 -17"><span class='ocrx_word' id='word_1_68' title='bbox 36 758 82 803; x_wconf 91' lang='lat' dir='ltr'><strong>dum</strong></span> <span class='ocrx_word' id='word_1_69' title='bbox 97 759 163 801; x_wconf 89' lang='lat' dir='ltr'><strong>Petrus</strong></span> <span class='ocrx_word' id='word_1_70' title='bbox 179 756 299 803; x_wconf 89' lang='lat' dir='ltr'><strong>Lombardus</strong></span> <span class='ocrx_word' id='word_1_71' title='bbox 314 773 345 800; x_wconf 91' lang='lat' dir='ltr'><strong>an.</strong></span> <span class='ocrx_word' id='word_1_72' title='bbox 362 760 412 802; x_wconf 83' lang='lat'>1160</span> <span class='ocrx_word' id='word_1_73' title='bbox 426 765 514 801; x_wconf 88' lang='lat' dir='ltr'><strong>mortuus</strong></span> <span class='ocrx_word' id='word_1_74' title='bbox 530 765 557 801; x_wconf 88' lang='lat' dir='ltr'><strong>est</strong></span> <span class='ocrx_word' id='word_1_75' title='bbox 575 756 654 819; x_wconf 76' lang='lat' dir='ltr'><strong>(Libros</strong></span> <span class='ocrx_word' id='word_1_76' title='bbox 669 759 719 801; x_wconf 72' lang='lat' dir='ltr'><strong>Sena.</strong></span> 
     </span>
     <span class='ocr_line' id='line_1_10' title="bbox 37 831 721 892; baseline -0.003 -16"><span class='ocrx_word' id='word_1_77' title='bbox 37 837 145 878; x_wconf 78' lang='grc'><strong>1150-1152</strong></span> <span class='ocrx_word' id='word_1_78' title='bbox 155 831 249 892; x_wconf 85' lang='lat' dir='ltr'><strong>scripsit),</strong></span> <span class='ocrx_word' id='word_1_79' title='bbox 258 833 319 891; x_wconf 89' lang='lat' dir='ltr'><strong>Hugo</strong></span> <span class='ocrx_word' id='word_1_80' title='bbox 329 839 393 875; x_wconf 89' lang='lat' dir='ltr'><strong>autern</strong></span> <span class='ocrx_word' id='word_1_81' title='bbox 402 848 432 876; x_wconf 90' lang='lat' dir='ltr'><strong>an.</strong></span> <span class='ocrx_word' id='word_1_82' title='bbox 442 833 498 876; x_wconf 77' lang='grc'><strong>1141.</strong></span> <span class='ocrx_word' id='word_1_83' title='bbox 508 832 586 885; x_wconf 84' lang='lat' dir='ltr'><strong>Idcirco,</strong></span> <span class='ocrx_word' id='word_1_84' title='bbox 595 832 721 890; x_wconf 81' lang='lat' dir='ltr'><strong>chronologia</strong></span> 
     </span>
     <span class='ocr_line' id='line_1_11' title="bbox 35 904 721 965; baseline -0.003 -15"><span class='ocrx_word' id='word_1_85' title='bbox 35 906 102 958; x_wconf 90' lang='lat' dir='ltr'><strong>invisa,</strong></span> <span class='ocrx_word' id='word_1_86' title='bbox 113 904 167 949; x_wconf 92' lang='lat' dir='ltr'><strong>nulla</strong></span> <span class='ocrx_word' id='word_1_87' title='bbox 177 905 225 948; x_wconf 89' lang='lat' dir='ltr'><strong>ratio</strong></span> <span class='ocrx_word' id='word_1_88' title='bbox 234 913 293 958; x_wconf 89' lang='lat' dir='ltr'><strong>vetat,</strong></span> <span class='ocrx_word' id='word_1_89' title='bbox 303 907 407 965; x_wconf 88' lang='lat' dir='ltr'><strong>quominus</strong></span> <span class='ocrx_word' id='word_1_90' title='bbox 416 908 477 964; x_wconf 91' lang='lat' dir='ltr'><strong>Hugo</strong></span> <span class='ocrx_word' id='word_1_91' title='bbox 488 915 507 950; x_wconf 86' lang='lat' dir='ltr'><strong>et</strong></span> <span class='ocrx_word' id='word_1_92' title='bbox 516 905 635 950; x_wconf 90' lang='lat' dir='ltr'><strong>Lombardus</strong></span> <span class='ocrx_word' id='word_1_93' title='bbox 645 906 669 950; x_wconf 88' lang='lat' dir='ltr'><strong>ab</strong></span> <span class='ocrx_word' id='word_1_94' title='bbox 678 906 721 949; x_wconf 95' lang='lat' dir='ltr'><strong>Hil-</strong></span> 
     </span>
     <span class='ocr_line' id='line_1_12' title="bbox 36 979 410 1038; baseline -0.003 -16"><span class='ocrx_word' id='word_1_95' title='bbox 36 979 114 1023; x_wconf 90' lang='lat' dir='ltr'><strong>deberto</strong></span> <span class='ocrx_word' id='word_1_96' title='bbox 124 979 225 1022; x_wconf 87' lang='lat' dir='ltr'><strong>materiam</strong></span> <span class='ocrx_word' id='word_1_97' title='bbox 235 979 410 1038; x_wconf 79' lang='lat' dir='ltr'><strong>transcripserint.²³</strong></span> 
     </span>
    </p>
   </div>
   <div class='ocr_carea' id='block_1_3' title="bbox 36 1062 723 1415">
    <p class='ocr_par' dir='ltr' id='par_1_3' title="bbox 36 1062 723 1415">
     <span class='ocr_line' id='line_1_13' title="bbox 74 1062 722 1117; baseline 0 -12"><span class='ocrx_word' id='word_1_98' title='bbox 74 1063 114 1105; x_wconf 90' lang='lat' dir='ltr'><strong>AD</strong></span> <span class='ocrx_word' id='word_1_99' title='bbox 125 1063 320 1117; x_wconf 87' lang='lat' dir='ltr'><strong>QUAESTIONEM</strong></span> <span class='ocrx_word' id='word_1_100' title='bbox 330 1064 366 1104; x_wconf 88' lang='lat' dir='ltr'><strong>DE</strong></span> <span class='ocrx_word' id='word_1_101' title='bbox 377 1064 484 1105; x_wconf 78' lang='lat' dir='ltr'><strong>DUPLICI</strong></span> <span class='ocrx_word' id='word_1_102' title='bbox 495 1063 607 1106; x_wconf 86' lang='lat' dir='ltr'>ANGELO</span> <span class='ocrx_word' id='word_1_103' title='bbox 619 1062 688 1105; x_wconf 90' lang='lat' dir='ltr'><strong>iterum</strong></span> <span class='ocrx_word' id='word_1_104' title='bbox 699 1077 722 1105; x_wconf 83' lang='lat' dir='ltr'><strong>ex</strong></span> 
     </span>
     <span class='ocr_line' id='line_1_14' title="bbox 36 1134 722 1197; baseline 0.001 -20"><span class='ocrx_word' id='word_1_105' title='bbox 36 1134 124 1194; x_wconf 80' lang='lat' dir='ltr'><strong>professo</strong></span> <span class='ocrx_word' id='word_1_106' title='bbox 139 1135 274 1194; x_wconf 84' lang='lat' dir='ltr'><strong>arripiendam,</strong></span> <span class='ocrx_word' id='word_1_107' title='bbox 288 1134 428 1197; x_wconf 87' lang='lat' dir='ltr'><strong>consideranda</strong></span> <span class='ocrx_word' id='word_1_108' title='bbox 442 1137 495 1178; x_wconf 88' lang='lat' dir='ltr'><strong>venit</strong></span> <span class='ocrx_word' id='word_1_109' title='bbox 509 1137 565 1179; x_wconf 87' lang='lat' dir='ltr'><strong>IPSA</strong></span> <span class='ocrx_word' id='word_1_110' title='bbox 579 1136 722 1179; x_wconf 86' lang='lat' dir='ltr'><strong>DOCTRINA</strong></span> 
     </span>
     <span class='ocr_line' id='line_1_15' title="bbox 36 1208 722 1268; baseline 0.001 -18"><span class='ocrx_word' id='word_1_111' title='bbox 36 1209 200 1251; x_wconf 85' lang='lat' dir='ltr'><strong>HILDEBERTI.</strong></span> <span class='ocrx_word' id='word_1_112' title='bbox 219 1209 271 1265; x_wconf 84' lang='lat' dir='ltr'><strong>Quia</strong></span> <span class='ocrx_word' id='word_1_113' title='bbox 283 1216 347 1252; x_wconf 88' lang='lat' dir='ltr'><strong>autem</strong></span> <span class='ocrx_word' id='word_1_114' title='bbox 359 1224 383 1252; x_wconf 80' lang='lat' dir='ltr'><strong>ex</strong></span> <span class='ocrx_word' id='word_1_115' title='bbox 394 1210 473 1253; x_wconf 87' lang='lat' dir='ltr'><strong>internis</strong></span> <span class='ocrx_word' id='word_1_116' title='bbox 484 1208 560 1253; x_wconf 89' lang='lat' dir='ltr'><strong>indiciis</strong></span> <span class='ocrx_word' id='word_1_117' title='bbox 572 1208 596 1253; x_wconf 92' lang='lat' dir='ltr'><strong>ad</strong></span> <span class='ocrx_word' id='word_1_118' title='bbox 608 1209 722 1268; x_wconf 81' lang='lat' dir='ltr'><strong>investigan-</strong></span> 
     </span>
     <span class='ocr_line' id='line_1_16' title="bbox 37 1270 723 1341; baseline 0.001 -17"><span class='ocrx_word' id='word_1_119' title='bbox 37 1282 82 1325; x_wconf 92' lang='lat' dir='ltr'><strong>dam</strong></span> <span class='ocrx_word' id='word_1_120' title='bbox 90 1281 240 1341; x_wconf 90' lang='lat' dir='ltr'><strong>dependentiam</strong></span> <span class='ocrx_word' id='word_1_121' title='bbox 248 1284 298 1325; x_wconf 91' lang='lat' dir='ltr'><strong>inter</strong></span> <span class='ocrx_word' id='word_1_122' title='bbox 305 1270 429 1340; x_wconf 88' lang='lat' dir='ltr'><strong>Magistrum,</strong></span> <span class='ocrx_word' id='word_1_123' title='bbox 438 1286 550 1341; x_wconf 86' lang='lat' dir='ltr'><strong>Hugonem,</strong></span> <span class='ocrx_word' id='word_1_124' title='bbox 560 1291 579 1327; x_wconf 88' lang='lat' dir='ltr'><strong>et</strong></span> <span class='ocrx_word' id='word_1_125' title='bbox 586 1282 723 1327; x_wconf 88' lang='lat' dir='ltr'><strong>Hildebertum</strong></span> 
     </span>
     <span class='ocr_line' id='line_1_17' title="bbox 37 1354 585 1415; baseline 0.005 -18"><span class='ocrx_word' id='word_1_126' title='bbox 37 1356 164 1398; x_wconf 76' lang='lat' dir='ltr'><strong>necessarimm</strong></span> <span class='ocrx_word' id='word_1_127' title='bbox 175 1363 208 1407; x_wconf 91' lang='lat' dir='ltr'><strong>est,</strong></span> <span class='ocrx_word' id='word_1_128' title='bbox 221 1354 303 1398; x_wconf 75' lang='lat' dir='ltr'><strong>refertur</strong></span> <span class='ocrx_word' id='word_1_129' title='bbox 315 1355 378 1399; x_wconf 86' lang='lat' dir='ltr'><strong>subito</strong></span> <span class='ocrx_word' id='word_1_130' title='bbox 390 1357 487 1415; x_wconf 87' lang='lat' dir='ltr'><strong>integrum</strong></span> <span class='ocrx_word' id='word_1_131' title='bbox 498 1357 585 1400; x_wconf 89' lang='lat' dir='ltr'><strong>incisum.</strong></span> 
     </span>
    </p>
   </div>
   <div class='ocr_carea' id='block_1_4' title="bbox 37 1438 726 2143">
    <p class='ocr_par' dir='ltr' id='par_1_4' title="bbox 37 1438 726 2143">
     <span class='ocr_line' id='line_1_18' title="bbox 78 1438 724 1497; baseline 0.005 -19"><span class='ocrx_word' id='word_1_132' title='bbox 78 1438 196 1493; x_wconf 83' lang='lat' dir='ltr'><strong>“Gregorius</strong></span> <span class='ocrx_word' id='word_1_133' title='bbox 210 1438 269 1480; x_wconf 89' lang='lat' dir='ltr'><strong>etiam</strong></span> <span class='ocrx_word' id='word_1_134' title='bbox 282 1438 329 1480; x_wconf 90' lang='lat' dir='ltr'><strong>dicit</strong></span> <span class='ocrx_word' id='word_1_135' title='bbox 342 1438 395 1496; x_wconf 86' lang='lat' dir='ltr'><strong>quod</strong></span> <span class='ocrx_word' id='word_1_136' title='bbox 409 1441 490 1497; x_wconf 89' lang='lat' dir='ltr'><strong>quisque</strong></span> <span class='ocrx_word' id='word_1_137' title='bbox 504 1438 563 1481; x_wconf 86' lang='lat' dir='ltr'><strong>habet</strong></span> <span class='ocrx_word' id='word_1_138' title='bbox 576 1454 637 1481; x_wconf 89' lang='lat' dir='ltr'><strong>unum</strong></span> <span class='ocrx_word' id='word_1_139' title='bbox 650 1439 724 1482; x_wconf 92' lang='lat' dir='ltr'><strong>bonum</strong></span> 
     </span>
     <span class='ocr_line' id='line_1_19' title="bbox 38 1508 724 1570; baseline 0.004 -19"><span class='ocrx_word' id='word_1_140' title='bbox 38 1509 129 1566; x_wconf 86' lang='lat' dir='ltr'><strong>angelum</strong></span> <span class='ocrx_word' id='word_1_141' title='bbox 141 1509 177 1553; x_wconf 89' lang='lat' dir='ltr'><strong>sibi</strong></span> <span class='ocrx_word' id='word_1_142' title='bbox 189 1508 214 1551; x_wconf 89' lang='lat' dir='ltr'><strong>ad</strong></span> <span class='ocrx_word' id='word_1_143' title='bbox 225 1510 333 1553; x_wconf 86' lang='lat' dir='ltr'><strong>custodiam</strong></span> <span class='ocrx_word' id='word_1_144' title='bbox 345 1510 465 1570; x_wconf 88' lang='lat' dir='ltr'><strong>deputatum,</strong></span> <span class='ocrx_word' id='word_1_145' title='bbox 477 1526 538 1554; x_wconf 91' lang='lat' dir='ltr'><strong>unum</strong></span> <span class='ocrx_word' id='word_1_146' title='bbox 550 1511 624 1554; x_wconf 88' lang='lat' dir='ltr'><strong>malum</strong></span> <span class='ocrx_word' id='word_1_147' title='bbox 636 1511 661 1554; x_wconf 90' lang='lat' dir='ltr'><strong>ad</strong></span> <span class='ocrx_word' id='word_1_148' title='bbox 673 1525 724 1553; x_wconf 84' lang='lat' dir='ltr'><strong>exer-</strong></span> 
     </span>
     <span class='ocr_line' id='line_1_20' title="bbox 37 1582 723 1642; baseline 0.004 -18"><span class='ocrx_word' id='word_1_149' title='bbox 37 1582 141 1625; x_wconf 88' lang='lat' dir='ltr'><strong>citandum.</strong></span> <span class='ocrx_word' id='word_1_150' title='bbox 161 1584 211 1626; x_wconf 84' lang='lat' dir='ltr'><strong>Cum</strong></span> <span class='ocrx_word' id='word_1_151' title='bbox 223 1585 275 1626; x_wconf 91' lang='lat' dir='ltr'><strong>enim</strong></span> <span class='ocrx_word' id='word_1_152' title='bbox 287 1584 333 1628; x_wconf 91' lang='lat' dir='ltr'><strong>boni</strong></span> <span class='ocrx_word' id='word_1_153' title='bbox 346 1586 411 1642; x_wconf 85' lang='lat' dir='ltr'><strong>angeli</strong></span> <span class='ocrx_word' id='word_1_154' title='bbox 423 1585 533 1628; x_wconf 89' lang='lat' dir='ltr'><strong>desiderant</strong></span> <span class='ocrx_word' id='word_1_155' title='bbox 544 1585 618 1629; x_wconf 92' lang='lat' dir='ltr'><strong>bonum</strong></span> <span class='ocrx_word' id='word_1_156' title='bbox 630 1593 723 1636; x_wconf 91' lang='lat' dir='ltr'><strong>nostrum,</strong></span> 
     </span>
     <span class='ocr_line' id='line_1_21' title="bbox 39 1658 725 1718; baseline -0.001 -16"><span class='ocrx_word' id='word_1_157' title='bbox 39 1667 57 1702; x_wconf 92' lang='lat' dir='ltr'><strong>et</strong></span> <span class='ocrx_word' id='word_1_158' title='bbox 65 1661 192 1703; x_wconf 91' lang='lat' dir='ltr'><strong>communiter</strong></span> <span class='ocrx_word' id='word_1_159' title='bbox 200 1660 257 1702; x_wconf 91' lang='lat' dir='ltr'><strong>saluti</strong></span> <span class='ocrx_word' id='word_1_160' title='bbox 265 1660 353 1702; x_wconf 93' lang='lat' dir='ltr'><strong>omnium</strong></span> <span class='ocrx_word' id='word_1_161' title='bbox 361 1658 456 1711; x_wconf 83' lang='lat' dir='ltr'><strong>studeant,</strong></span> <span class='ocrx_word' id='word_1_162' title='bbox 464 1658 499 1703; x_wconf 93' lang='lat' dir='ltr'><strong>ille</strong></span> <span class='ocrx_word' id='word_1_163' title='bbox 507 1667 572 1702; x_wconf 87' lang='lat' dir='ltr'><strong>tamen</strong></span> <span class='ocrx_word' id='word_1_164' title='bbox 580 1659 613 1718; x_wconf 89' lang='lat' dir='ltr'><strong>qui</strong></span> <span class='ocrx_word' id='word_1_165' title='bbox 622 1658 725 1718; x_wconf 84' lang='lat' dir='ltr'><strong>deputatus</strong></span> 
     </span>
     <span class='ocr_line' id='line_1_22' title="bbox 39 1731 723 1792; baseline -0.001 -16"><span class='ocrx_word' id='word_1_166' title='bbox 39 1739 67 1776; x_wconf 91' lang='lat' dir='ltr'><strong>est</strong></span> <span class='ocrx_word' id='word_1_167' title='bbox 81 1734 138 1777; x_wconf 89' lang='lat' dir='ltr'><strong>alicui</strong></span> <span class='ocrx_word' id='word_1_168' title='bbox 154 1733 179 1777; x_wconf 91' lang='lat' dir='ltr'><strong>ad</strong></span> <span class='ocrx_word' id='word_1_169' title='bbox 192 1733 306 1785; x_wconf 89' lang='lat' dir='ltr'><strong>custodiam,</strong></span> <span class='ocrx_word' id='word_1_170' title='bbox 322 1748 366 1776; x_wconf 92' lang='lat' dir='ltr'><strong>eum</strong></span> <span class='ocrx_word' id='word_1_171' title='bbox 381 1733 488 1792; x_wconf 88' lang='lat' dir='ltr'><strong>specialiter</strong></span> <span class='ocrx_word' id='word_1_172' title='bbox 503 1732 528 1777; x_wconf 87' lang='lat' dir='ltr'><strong>ad</strong></span> <span class='ocrx_word' id='word_1_173' title='bbox 542 1731 616 1776; x_wconf 91' lang='lat' dir='ltr'><strong>bonum</strong></span> <span class='ocrx_word' id='word_1_174' title='bbox 630 1734 723 1775; x_wconf 87' lang='lat' dir='ltr'><strong>hortatur.</strong></span> 
     </span>
     <span class='ocr_line' id='line_1_23' title="bbox 40 1803 725 1864; baseline -0.004 -15"><span class='ocrx_word' id='word_1_175' title='bbox 40 1808 91 1850; x_wconf 89' lang='lat' dir='ltr'><strong>Sicut</strong></span> <span class='ocrx_word' id='word_1_176' title='bbox 105 1808 188 1864; x_wconf 86' lang='lat' dir='ltr'><strong>legimus</strong></span> <span class='ocrx_word' id='word_1_177' title='bbox 201 1806 226 1850; x_wconf 91' lang='lat' dir='ltr'><strong>de</strong></span> <span class='ocrx_word' id='word_1_178' title='bbox 240 1807 310 1864; x_wconf 90' lang='lat' dir='ltr'><strong>angelo</strong></span> <span class='ocrx_word' id='word_1_179' title='bbox 324 1806 404 1858; x_wconf 87' lang='lat' dir='ltr'><strong>Tobiae,</strong></span> <span class='ocrx_word' id='word_1_180' title='bbox 420 1806 444 1851; x_wconf 88' lang='lat' dir='ltr'><strong>de</strong></span> <span class='ocrx_word' id='word_1_181' title='bbox 459 1807 529 1863; x_wconf 84' lang='lat' dir='ltr'><strong>angelo</strong></span> <span class='ocrx_word' id='word_1_182' title='bbox 543 1808 594 1850; x_wconf 90' lang='lat' dir='ltr'><strong>Petri</strong></span> <span class='ocrx_word' id='word_1_183' title='bbox 608 1808 629 1849; x_wconf 95' lang='lat' dir='ltr'><strong>in</strong></span> <span class='ocrx_word' id='word_1_184' title='bbox 642 1803 725 1849; x_wconf 76' lang='lat' dir='ltr'><strong>Acribus</strong></span> 
     </span>
     <span class='ocr_line' id='line_1_24' title="bbox 38 1877 724 1939; baseline 0.001 -18"><span class='ocrx_word' id='word_1_185' title='bbox 38 1879 107 1939; x_wconf 83' lang='lat' dir='ltr'><strong>Apost.</strong></span> <span class='ocrx_word' id='word_1_186' title='bbox 123 1880 213 1923; x_wconf 88' lang='lat' dir='ltr'><strong>Similiter</strong></span> <span class='ocrx_word' id='word_1_187' title='bbox 223 1887 241 1922; x_wconf 92' lang='lat' dir='ltr'><strong>et</strong></span> <span class='ocrx_word' id='word_1_188' title='bbox 249 1880 297 1922; x_wconf 93' lang='lat' dir='ltr'><strong>mali</strong></span> <span class='ocrx_word' id='word_1_189' title='bbox 306 1879 370 1937; x_wconf 85' lang='lat' dir='ltr'><strong>angeli</strong></span> <span class='ocrx_word' id='word_1_190' title='bbox 379 1894 423 1922; x_wconf 90' lang='lat' dir='ltr'><strong>cum</strong></span> <span class='ocrx_word' id='word_1_191' title='bbox 431 1877 539 1922; x_wconf 84' lang='lat' dir='ltr'><strong>desiderent</strong></span> <span class='ocrx_word' id='word_1_192' title='bbox 548 1878 622 1922; x_wconf 90' lang='lat' dir='ltr'><strong>malum</strong></span> <span class='ocrx_word' id='word_1_193' title='bbox 631 1879 724 1930; x_wconf 91' lang='lat' dir='ltr'><strong>omnium,</strong></span> 
     </span>
     <span class='ocr_line' id='line_1_25' title="bbox 40 1952 726 2013; baseline 0.001 -19"><span class='ocrx_word' id='word_1_194' title='bbox 40 1959 104 1996; x_wconf 90' lang='lat' dir='ltr'><strong>tamen</strong></span> <span class='ocrx_word' id='word_1_195' title='bbox 115 1954 177 2012; x_wconf 89' lang='lat' dir='ltr'><strong>magis</strong></span> <span class='ocrx_word' id='word_1_196' title='bbox 189 1952 269 1996; x_wconf 76' lang='lat' dir='ltr'><strong>infestat</strong></span> <span class='ocrx_word' id='word_1_197' title='bbox 282 1968 326 1996; x_wconf 89' lang='lat' dir='ltr'><strong>eum</strong></span> <span class='ocrx_word' id='word_1_198' title='bbox 338 1952 400 1995; x_wconf 91' lang='lat' dir='ltr'><strong>malus</strong></span> <span class='ocrx_word' id='word_1_199' title='bbox 413 1952 494 2011; x_wconf 87' lang='lat' dir='ltr'><strong>angelus</strong></span> <span class='ocrx_word' id='word_1_200' title='bbox 506 1954 539 2013; x_wconf 90' lang='lat' dir='ltr'><strong>qui</strong></span> <span class='ocrx_word' id='word_1_201' title='bbox 551 1953 655 2012; x_wconf 90' lang='lat' dir='ltr'><strong>permissus</strong></span> <span class='ocrx_word' id='word_1_202' title='bbox 667 1960 696 1996; x_wconf 87' lang='lat' dir='ltr'><strong>est</strong></span> <span class='ocrx_word' id='word_1_203' title='bbox 706 1954 726 1995; x_wconf 90' lang='lat' dir='ltr'><strong>ei</strong></span> 
     </span>
     <span class='ocr_line' id='line_1_26' title="bbox 40 2025 726 2085; baseline 0 -16"><span class='ocrx_word' id='word_1_204' title='bbox 40 2026 64 2069; x_wconf 92' lang='lat' dir='ltr'><strong>ad</strong></span> <span class='ocrx_word' id='word_1_205' title='bbox 73 2027 195 2079; x_wconf 65' lang='lat' dir='ltr'><strong>tentandum</strong></span> <span class='ocrx_word' id='word_1_206' title='bbox 206 2026 239 2070; x_wconf 95' lang='lat' dir='ltr'><strong>sed</strong></span> <span class='ocrx_word' id='word_1_207' title='bbox 247 2028 284 2070; x_wconf 93' lang='lat' dir='ltr'><strong>hoc</strong></span> <span class='ocrx_word' id='word_1_208' title='bbox 292 2025 373 2070; x_wconf 88' lang='lat' dir='ltr'><strong>dubium</strong></span> <span class='ocrx_word' id='word_1_209' title='bbox 381 2025 437 2070; x_wconf 91' lang='lat' dir='ltr'><strong>nobis</strong></span> <span class='ocrx_word' id='word_1_210' title='bbox 446 2034 479 2078; x_wconf 84' lang='lat' dir='ltr'><strong>est,</strong></span> <span class='ocrx_word' id='word_1_211' title='bbox 489 2042 524 2069; x_wconf 89' lang='lat' dir='ltr'><strong>nec</strong></span> <span class='ocrx_word' id='word_1_212' title='bbox 532 2026 557 2069; x_wconf 92' lang='lat' dir='ltr'><strong>de</strong></span> <span class='ocrx_word' id='word_1_213' title='bbox 565 2028 662 2085; x_wconf 88' lang='lat' dir='ltr'><strong>Scriptura</strong></span> <span class='ocrx_word' id='word_1_214' title='bbox 668 2026 726 2070; x_wconf 92' lang='lat' dir='ltr'><strong>habe-</strong></span> 
     </span>
     <span class='ocr_line' id='line_1_27' title="bbox 39 2097 277 2143; baseline 0.004 -1"><span class='ocrx_word' id='word_1_215' title='bbox 39 2114 82 2143; x_wconf 89' lang='lat' dir='ltr'><strong>mus</strong></span> <span class='ocrx_word' id='word_1_216' title='bbox 92 2097 277 2143; x_wconf 74' lang='lat' dir='ltr'><strong>determinatum.&#39;’²⁴¹</strong></span> 
     </span>
    </p>
   </div>
   <div class='ocr_carea' id='block_1_5' title="bbox 40 2183 728 2538">
    <p class='ocr_par' dir='ltr' id='par_1_5' title="bbox 40 2183 728 2538">
     <span class='ocr_line' id='line_1_28' title="bbox 78 2183 726 2244; baseline 0 -17"><span class='ocrx_word' id='word_1_217' title='bbox 78 2185 131 2227; x_wconf 90' lang='lat' dir='ltr'><strong>Ante</strong></span> <span class='ocrx_word' id='word_1_218' title='bbox 140 2185 205 2228; x_wconf 90' lang='lat' dir='ltr'><strong>omnia</strong></span> <span class='ocrx_word' id='word_1_219' title='bbox 216 2191 293 2244; x_wconf 88' lang='lat' dir='ltr'><strong>oportet</strong></span> <span class='ocrx_word' id='word_1_220' title='bbox 303 2184 372 2227; x_wconf 91' lang='lat' dir='ltr'><strong>ultima</strong></span> <span class='ocrx_word' id='word_1_221' title='bbox 382 2183 441 2227; x_wconf 87' lang='lat' dir='ltr'><strong>verba</strong></span> <span class='ocrx_word' id='word_1_222' title='bbox 452 2183 561 2244; x_wconf 86' lang='lat' dir='ltr'><strong>ponderari.</strong></span> <span class='ocrx_word' id='word_1_223' title='bbox 579 2184 726 2228; x_wconf 87' lang='lat' dir='ltr'><strong>Attendendum</strong></span> 
     </span>
     <span class='ocr_line' id='line_1_29' title="bbox 40 2256 727 2317; baseline 0.003 -19"><span class='ocrx_word' id='word_1_224' title='bbox 40 2264 73 2308; x_wconf 89' lang='lat' dir='ltr'><strong>est,</strong></span> <span class='ocrx_word' id='word_1_225' title='bbox 83 2257 137 2317; x_wconf 90' lang='lat' dir='ltr'><strong>quod</strong></span> <span class='ocrx_word' id='word_1_226' title='bbox 146 2257 272 2301; x_wconf 85' lang='lat' dir='ltr'><strong>Hildebertus</strong></span> <span class='ocrx_word' id='word_1_227' title='bbox 281 2258 338 2301; x_wconf 89' lang='lat' dir='ltr'><strong>verba</strong></span> <span class='ocrx_word' id='word_1_228' title='bbox 349 2257 395 2300; x_wconf 82' lang='lat' dir='ltr'><strong>“sed</strong></span> <span class='ocrx_word' id='word_1_229' title='bbox 403 2259 441 2300; x_wconf 89' lang='lat' dir='ltr'><strong>hoc</strong></span> <span class='ocrx_word' id='word_1_230' title='bbox 450 2256 531 2300; x_wconf 89' lang='lat' dir='ltr'><strong>dubium</strong></span> <span class='ocrx_word' id='word_1_231' title='bbox 540 2258 596 2302; x_wconf 89' lang='lat' dir='ltr'><strong>nobis</strong></span> <span class='ocrx_word' id='word_1_232' title='bbox 606 2260 646 2301; x_wconf 83' lang='lat' dir='ltr'><strong>est’&#39;</strong></span> <span class='ocrx_word' id='word_1_233' title='bbox 656 2259 727 2302; x_wconf 88' lang='lat' dir='ltr'><strong>directe</strong></span> 
     </span>
     <span class='ocr_line' id='line_1_30' title="bbox 40 2328 727 2391; baseline 0.006 -20"><span class='ocrx_word' id='word_1_234' title='bbox 40 2328 86 2374; x_wconf 80' lang='lat' dir='ltr'><strong>iacit</strong></span> <span class='ocrx_word' id='word_1_235' title='bbox 97 2346 108 2373; x_wconf 90' lang='lat' dir='ltr'><strong>a</strong></span> <span class='ocrx_word' id='word_1_236' title='bbox 118 2330 276 2389; x_wconf 87' lang='lat' dir='ltr'><strong>praecedentibus</strong></span> <span class='ocrx_word' id='word_1_237' title='bbox 287 2330 404 2389; x_wconf 86' lang='lat' dir='ltr'><strong>dependere;</strong></span> <span class='ocrx_word' id='word_1_238' title='bbox 415 2332 453 2374; x_wconf 87' lang='lat' dir='ltr'><strong>hoc</strong></span> <span class='ocrx_word' id='word_1_239' title='bbox 463 2338 517 2391; x_wconf 88' lang='lat' dir='ltr'><strong>patet</strong></span> <span class='ocrx_word' id='word_1_240' title='bbox 528 2333 640 2391; x_wconf 88' lang='lat' dir='ltr'><strong>praesertim</strong></span> <span class='ocrx_word' id='word_1_241' title='bbox 651 2347 674 2375; x_wconf 84' lang='lat' dir='ltr'><strong>ex</strong></span> <span class='ocrx_word' id='word_1_242' title='bbox 685 2346 727 2391; x_wconf 88' lang='lat' dir='ltr'><strong>par·</strong></span> 
     </span>
     <span class='ocr_line' id='line_1_31' title="bbox 40 2404 727 2465; baseline 0.004 -20"><span class='ocrx_word' id='word_1_243' title='bbox 40 2404 99 2447; x_wconf 91' lang='lat' dir='ltr'><strong>ticula</strong></span> <span class='ocrx_word' id='word_1_244' title='bbox 112 2404 176 2457; x_wconf 79' lang='lat' dir='ltr'><strong>“sed’&#39;</strong></span> <span class='ocrx_word' id='word_1_245' title='bbox 189 2419 239 2463; x_wconf 90' lang='lat' dir='ltr'><strong>quae</strong></span> <span class='ocrx_word' id='word_1_246' title='bbox 251 2405 394 2463; x_wconf 89' lang='lat' dir='ltr'><strong>oppositionem</strong></span> <span class='ocrx_word' id='word_1_247' title='bbox 407 2404 432 2448; x_wconf 87' lang='lat' dir='ltr'><strong>ad</strong></span> <span class='ocrx_word' id='word_1_248' title='bbox 444 2412 501 2449; x_wconf 91' lang='lat' dir='ltr'><strong>antea</strong></span> <span class='ocrx_word' id='word_1_249' title='bbox 512 2404 564 2449; x_wconf 88' lang='lat' dir='ltr'><strong>dicta</strong></span> <span class='ocrx_word' id='word_1_250' title='bbox 574 2406 670 2465; x_wconf 83' lang='lat' dir='ltr'><strong>exprimit.</strong></span> <span class='ocrx_word' id='word_1_251' title='bbox 683 2408 727 2449; x_wconf 89' lang='lat' dir='ltr'><strong>Pro-</strong></span> 
     </span>
     <span class='ocr_line' id='line_1_32' title="bbox 41 2476 728 2538; baseline 0.007 -19"><span class='ocrx_word' id='word_1_252' title='bbox 41 2476 92 2521; x_wconf 91' lang='lat' dir='ltr'><strong>tinus</strong></span> <span class='ocrx_word' id='word_1_253' title='bbox 107 2484 171 2521; x_wconf 89' lang='lat' dir='ltr'><strong>autem</strong></span> <span class='ocrx_word' id='word_1_254' title='bbox 185 2479 292 2521; x_wconf 85' lang='lat' dir='ltr'><strong>continuat:</strong></span> <span class='ocrx_word' id='word_1_255' title='bbox 310 2478 392 2521; x_wconf 79' lang='lat' dir='ltr'><strong>“Utrum</strong></span> <span class='ocrx_word' id='word_1_256' title='bbox 406 2493 452 2522; x_wconf 82' lang='lat' dir='ltr'><strong>vero</strong></span> <span class='ocrx_word' id='word_1_257' title='bbox 467 2478 554 2538; x_wconf 87' lang='lat' dir='ltr'><strong>pluribus</strong></span> <span class='ocrx_word' id='word_1_258' title='bbox 569 2494 619 2523; x_wconf 91' lang='lat' dir='ltr'><strong>unus</strong></span> <span class='ocrx_word' id='word_1_259' title='bbox 633 2479 689 2524; x_wconf 88' lang='lat' dir='ltr'><strong>datus</strong></span> <span class='ocrx_word' id='word_1_260' title='bbox 704 2481 728 2524; x_wconf 92' lang='lat' dir='ltr'><strong>sit</strong></span> 
     </span>
    </p>
   </div>
   <div class='ocr_carea' id='block_1_6' title="bbox 40 2579 101 2586">
    <p class='ocr_par' dir='ltr' id='par_1_6' title="bbox 40 2579 101 2586">
     <span class='ocr_line' id='line_1_33' title="bbox 40 2579 101 2586; baseline 0.033 -2"><span class='ocrx_word' id='word_1_261' title='bbox 40 2579 101 2586; x_wconf 55' lang='lat'><strong>——1</strong></span> 
     </span>
    </p>
   </div>
   <div class='ocr_carea' id='block_1_7' title="bbox 82 2615 728 2703">
    <p class='ocr_par' dir='ltr' id='par_1_7' title="bbox 82 2615 728 2703">
     <span class='ocr_line' id='line_1_34' title="bbox 82 2615 728 2662; baseline 0.005 -12"><span class='ocrx_word' id='word_1_262' title='bbox 82 2622 106 2653; x_wconf 80' lang='lat'><strong>23.</strong></span> <span class='ocrx_word' id='word_1_263' title='bbox 117 2616 149 2651; x_wconf 78' lang='lat' dir='ltr'><strong>cfr.</strong></span> <span class='ocrx_word' id='word_1_264' title='bbox 159 2618 235 2651; x_wconf 83' lang='lat' dir='ltr'><strong>Monitum</strong></span> <span class='ocrx_word' id='word_1_265' title='bbox 247 2619 262 2651; x_wconf 95' lang='lat' dir='ltr'><strong>in</strong></span> <span class='ocrx_word' id='word_1_266' title='bbox 273 2618 320 2651; x_wconf 80' lang='lat' dir='ltr'><strong>Tract.</strong></span> <span class='ocrx_word' id='word_1_267' title='bbox 331 2615 383 2651; x_wconf 68' lang='lat' dir='ltr'><strong>Theoi.</strong></span> <span class='ocrx_word' id='word_1_268' title='bbox 394 2618 479 2652; x_wconf 83' lang='lat' dir='ltr'><strong>Hildeberti</strong></span> <span class='ocrx_word' id='word_1_269' title='bbox 490 2631 514 2662; x_wconf 81' lang='lat' dir='ltr'><strong>ap.</strong></span> <span class='ocrx_word' id='word_1_270' title='bbox 524 2621 547 2653; x_wconf 93' lang='lat' dir='ltr'><strong>M.</strong></span> <span class='ocrx_word' id='word_1_271' title='bbox 561 2620 597 2661; x_wconf 80' lang='lat' dir='ltr'><strong>(PL</strong></span> <span class='ocrx_word' id='word_1_272' title='bbox 609 2624 637 2655; x_wconf 88' lang='grc'><strong>171</strong></span> <span class='ocrx_word' id='word_1_273' title='bbox 650 2622 689 2655; x_wconf 81' lang='grc'><strong>1066</strong></span> <span class='ocrx_word' id='word_1_274' title='bbox 700 2619 728 2662; x_wconf 77' lang='lat' dir='ltr'><strong>s).</strong></span> 
     </span>
     <span class='ocr_line' id='line_1_35' title="bbox 82 2659 545 2703; baseline 0.006 -10"><span class='ocrx_word' id='word_1_275' title='bbox 82 2662 106 2694; x_wconf 78' lang='lat'><strong>24.</strong></span> <span class='ocrx_word' id='word_1_276' title='bbox 117 2660 218 2699; x_wconf 82' lang='lat' dir='ltr'><strong>Hildebertus,</strong></span> <span class='ocrx_word' id='word_1_277' title='bbox 228 2661 275 2694; x_wconf 86' lang='lat' dir='ltr'><strong>Tract.</strong></span> <span class='ocrx_word' id='word_1_278' title='bbox 285 2659 342 2700; x_wconf 69' lang='lat' dir='ltr'><strong>Theoi,</strong></span> <span class='ocrx_word' id='word_1_279' title='bbox 352 2672 364 2694; x_wconf 86' lang='lat' dir='ltr'><strong>c.</strong></span> <span class='ocrx_word' id='word_1_280' title='bbox 374 2666 392 2694; x_wconf 85' lang='lat'><strong>22</strong></span> <span class='ocrx_word' id='word_1_281' title='bbox 404 2662 440 2702; x_wconf 85' lang='lat' dir='ltr'>(PL.</span> <span class='ocrx_word' id='word_1_282' title='bbox 450 2668 478 2697; x_wconf 82' lang='lat'><strong>171</strong></span> <span class='ocrx_word' id='word_1_283' title='bbox 490 2663 545 2703; x_wconf 86' lang='grc'><strong>1115).</strong></span> 
     </span>
    </p>
   </div>
   <div class='ocr_carea' id='block_1_8' title="bbox 0 0 845 3045">
    <p class='ocr_par' dir='ltr' id='par_1_8' title="bbox 0 0 845 3045">
     <span class='ocr_line' id='line_1_36' title="bbox 0 0 845 3045; baseline 0 0"><span class='ocrx_word' id='word_1_284' title='bbox 0 0 845 3045; x_wconf 95' lang='lat' dir='ltr'><strong> </strong></span> 
     </span>
    </p>
   </div>
  </div>
 </body>
</html>
