1633 3045
90 100 113 136 44
290 98 319 135 Du
331 98 459 135 Sruourouuu
471 92 574 134 Homuusr

89 225 201 269 Catholicae
216 224 314 268 doctrinae
329 224 410 283 contigit
424 222 566 284 dispendium.”
581 223 661 276 Atvero,
677 225 693 266 si
707 222 775 265 Hilde-

89 298 139 342 berti
145 313 195 358 opus
202 305 221 341 et
229 300 307 341 Samma
315 299 366 340 Sem.
375 299 531 357 iuxtaponantur‚
539 296 635 340 videbitur
644 298 714 349 statim,
723 295 776 355 quod

90 379 215 432 supranotata
228 371 319 414 identitas
333 371 397 414 solum
410 379 456 415 tunc
470 378 530 415 cessat
544 369 623 430 quando
637 379 697 414 cessat
711 360 774 413 textus

90 445 206 497 Hildeberti,
220 445 273 488 cuius
286 445 356 488 ultima
367 445 427 489 uerba
440 460 499 505 penes
512 452 610 487 auctorem
623 445 712 487 lammae
724 445 776 486 Sem.

90 519 159 562 ultima
169 533 209 561 non
219 526 263 561 sunt
273 517 307 562 sed
316 518 386 571 media,
396 521 423 562 ita
433 518 512 578 quidem
521 526 543 561 ut
552 518 679 561 continuitate
689 516 777 560 funditus

91 593 154 651 logica
168 600 187 636 et
199 593 327 650 ininterrupta
341 594 436 651 expositio
450 592 567 651 quaestionis
581 591 644 635 adhuc
657 591 732 651 aliquas
745 605 777 650 pa-

91 666 146 723 ginas
161 673 288 724 prosequatur
302 679 364 724 usque
379 665 405 722 ad
420 666 518 724 expletum
533 672 635 707 tractatum
650 667 663 707 4
678 665 703 708 de
719 678 778 707 sacra-

91 740 161 782 mentis
175 739 195 781 in
209 753 280 797 genere
294 746 314 782 et
327 740 433 798 praeceptis
447 738 539 782 divinis²¹
561 740 630 783 Nexus
644 745 685 781 tam
699 739 778 781 intimus

92 820 126 864 est,
140 814 249 856 consecutio
262 821 303 856 tam
316 814 414 864 naturalis,
427 820 449 856 ut
462 827 505 855 curn
519 813 619 855 securitate
632 811 722 855 concludi
735 825 778 871 pos-

93 887 123 938 sit,
139 887 173 945 qui
188 883 327 945 incompletum
342 893 417 929 textum
431 885 541 930 Hildeberti
557 885 675 944 completum
690 885 738 929 velit
752 886 779 927 vi-

93 958 144 1011 dere,
157 958 182 1001 ad
194 961 292 1003 Summam
304 961 355 1002 Sem.
369 966 452 1001 recurrat
465 958 560 1002 sufficiens
572 966 608 1011 est3
621 959 666 1002 ideo
678 974 719 1001 non
730 957 779 1002 bene

93 1031 161 1076 dicitur
173 1033 278 1091 ¹‘magnum
288 1032 399 1090 legentium,
411 1040 442 1075 et.
451 1067 455 1075 .
464 1067 467 1075 .
476 1031 588 1075 Catholicae
598 1031 697 1075 doctrinae
705 1066 709 1074 ,
718 1066 722 1074 .
731 1067 735 1075 .
743 1030 779 1075 dis-

93 1105 205 1164 pendium.''

131 1180 199 1221 Restat
209 1178 272 1222 adhuc
283 1178 422 1230 sciscitandum,
434 1194 481 1222 num
491 1181 527 1222 iste
539 1178 638 1222 Tractatm
650 1177 780 1237 Theologiaas

94 1251 129 1296 sub
141 1253 220 1295 nomine
231 1251 341 1296 Hildeberti
354 1260 373 1295 et
384 1255 463 1296 Saaama
475 1255 526 1296 Sem.
538 1255 620 1311 Hugoni
633 1253 658 1296 de
670 1255 688 1296 S.
701 1255 780 1296 Victore

95 1326 153 1368 ascita
166 1339 227 1368 unum
240 1325 331 1384 idemque
345 1326 369 1368 sit
382 1340 438 1385 opus,
452 1340 543 1385 meaeque
556 1326 576 1369 in
590 1325 670 1370 diversis
683 1326 780 1371 codicibus

94 1397 199 1449 redactum,
214 1413 239 1441 an
253 1413 319 1441 revera
332 1401 452 1456 originaliter
467 1401 542 1443 diversa
556 1414 621 1458 opera,
637 1402 685 1443 sicut
698 1399 780 1443 videtur.

94 1471 188 1525 Quaestio
200 1478 229 1513 sat
240 1470 329 1522 difficilis,
341 1472 394 1514 cuius
406 1472 498 1515 resolutio
510 1474 530 1514 in
541 1474 637 1531 praesenti
648 1487 689 1515 non
701 1479 781 1514 attenta-

94 1550 130 1595 tur,
143 1541 177 1587 sed
188 1544 239 1595 viris,
251 1542 320 1603 quibus
332 1552 376 1587 sunt
387 1545 492 1603 ingenium,
505 1546 628 1604 experientia,
641 1553 660 1588 et
672 1546 780 1597 auctoritas,

94 1615 201 1660 decidenda
210 1615 330 1676 relinquitur.
348 1617 370 1659 Si
377 1625 442 1660 autem
451 1628 473 1661 ut
483 1618 572 1661 distincta
582 1626 626 1661 sunt
636 1617 780 1669 consideranda,

95 1694 159 1753 prouti
170 1694 190 1736 in
200 1693 296 1752 praesenti
306 1687 372 1735 revera
381 1691 498 1744 habentur‚²²
510 1699 555 1735 tunc
565 1693 638 1735 sinatur
648 1693 717 1744 notari,
729 1691 782 1752 quod

96 1769 162 1825 Hugo,
177 1773 221 1826 post
235 1766 334 1825 expletum
349 1772 371 1808 tr.
386 1766 405 1816 4,
419 1767 473 1808 cuius
487 1765 556 1808 ultima
570 1779 614 1824 pars
629 1766 725 1825 perditam
738 1780 782 1809 con-

96 1840 202 1883 clusionem
216 1841 279 1898 operis
294 1838 404 1881 Hildeberti
419 1839 482 1896 logice
497 1839 601 1897 suppleret,
617 1839 641 1882 de
656 1841 782 1883 Sacramentis

96 1913 116 1954 in
130 1912 192 1972 specie
205 1911 327 1971 prosequitur
341 1910 438 1962 disserere,
452 1919 528 1954 tantum
541 1910 620 1970 quidem
633 1920 655 1954 ut
668 1911 782 1955 coniiciendi

96 2000 142 2028 ansa
154 1983 273 2044 praebeatur,
286 1983 339 2043 quod
350 1986 429 2028 Samara
440 1986 491 2028 Sem,
504 1985 552 2027 nihil
565 1985 589 2028 sit
601 1985 660 2038 aliud,
673 2000 732 2045 quam
745 1986 782 2029 ela-

95 2057 171 2101 boratio
182 2065 201 2100 et
211 2058 330 2105 continuatio
342 2056 442 2100 Tractatas
453 2055 567 2117 Theologa'ci
578 2058 694 2103 Hildeberti.
712 2061 735 2102 Et
745 2061 783 2102 hoc

97 2146 120 2174 eo
132 2131 200 2189 magis,
212 2132 258 2190 quia
270 2130 305 2174 sub
317 2132 396 2174 nomine
406 2132 463 2175 huius
476 2146 516 2175 non
528 2131 610 2175 traditur
622 2132 685 2176 ullum
697 2147 746 2192 opus
759 2132 783 2176 de

97 2204 222 2247 sacramentis
232 2205 252 2246 in
263 2205 331 2262 specie,
342 2203 422 2263 dempto
433 2205 511 2264 speciali
521 2206 614 2264 opusculo
626 2206 650 2249 de
661 2208 783 2250 Sacramento

97 2276 162 2320 altaris
175 2276 213 2320 alia
225 2278 325 2320 occasione
337 2278 450 2337 conscripto.

135 2350 168 2394 Ad
188 2351 340 2410 supradictorum
359 2353 529 2412 complementum,
549 2353 689 2397 consulendum
708 2353 783 2398 ducitur

98 2423 203 2481 adiungere
211 2423 306 2466 rationem
315 2425 412 2483 temporis,
423 2441 473 2484 quae
483 2426 503 2467 in
512 2426 548 2468 hac
558 2424 670 2469 difficultate
681 2425 784 2470 enodanda

97 2520 159 2527 --

139 2558 163 2629 il.
174 2553 288 2628 limpidii.
300 2591 388 2626 Hildeberlo
400 2603 456 2626 cenom.
469 2591 520 2626 tribuit
532 2598 576 2633 atque
587 2591 605 2626 ab
617 2603 662 2634 opere
673 2595 743 2635 Hugonis
756 2594 785 2627 dis·

98 2640 153 2680 tinguit
161 2640 217 2671 Hurter
226 2639 243 2671 in
252 2635 334 2679 Campana.
343 2636 357 2669 T
357 2634 396 2669 aaa.
405 2638 466 2678 Dogm,
476 2639 490 2669 Il
502 2636 596 2677 (Oeniponte
606 2638 653 2679 1893)
665 2650 680 2672 n.
689 2640 724 2671 422.
