1657 3045
250 107 351 144 Dauuoua
365 107 506 144 luaueuanoxr
700 107 721 143 59

37 236 101 295 angeli
115 235 170 288 boni;
185 235 232 277 mali
246 236 298 278 enim
312 234 400 277 homines
415 234 555 276 numerosiores
570 239 614 275 sunt
628 231 684 275 bonis
699 245 723 273 ex

36 311 71 353 illo
85 311 122 351 Mt.
138 314 162 351 20
178 310 209 351 16:
226 309 294 351 “multi
309 309 360 350 enim
374 315 418 350 sunt
431 309 499 358 vocati,
514 308 570 366 pauci
584 320 630 349 vero
645 305 721 356 electi¹';

37 390 94 442 atque
107 383 157 424 “hoc
168 388 241 424 certum
253 388 287 424 est.
306 382 357 439 Ergo
369 381 434 439 plures
448 388 491 423 sunt
503 381 551 422 mali
562 381 652 423 homines
664 393 723 438 quam

36 456 83 500 mali
93 454 162 514 angeli.
180 457 229 515 Ergo
239 470 279 498 non
288 455 352 498 omnis
361 454 424 498 malus
433 454 492 498 habet
500 454 575 498 malum
585 454 677 513 angelum
687 451 722 495 sibi

37 530 142 589 proprium,
157 536 176 571 et
189 530 216 570 ita
228 528 291 571 malus
306 528 386 586 angelus
400 527 487 586 pluribus
501 535 529 570 est
543 527 653 586 deputatus:
669 526 723 585 quod

37 601 116 646 concedi
129 602 210 661 potest.’'
231 602 345 654 SUAREZ‚⁵
360 609 381 644 ut
393 602 456 643 omnis
470 600 495 643 de
507 600 629 643 insufficienti
641 614 722 642 numero

38 674 153 734 explodatur
166 673 254 726 obiectio,
269 674 406 719 subtilitatibus
419 675 558 717 mathematicis
572 675 723 733 coniecturisque

38 748 90 791 haud
106 749 171 807 paucis
187 746 281 807 indulget.
305 750 410 791 “Fortasse
420 746 506 798 sufficit‚''
524 748 592 806 inquit,
608 748 664 791 tertia
679 762 723 807 pars

37 821 99 865 infimi
117 821 190 864 ordinis
208 822 322 880 angelorum
339 822 436 864 malorum
454 836 489 881 pro
506 820 597 865 omnibus
613 820 724 864 hominibus

39 895 95 938 simul
107 894 215 939 viventibus
226 897 247 938 in
258 895 345 955 quolibet
357 903 452 954 tempore;
465 894 518 955 quod
531 893 609 954 quidem
622 893 724 939 “credibile

39 970 85 1012 est.'’
95 969 171 1012 Dicitur
180 975 247 1012 autem
253 970 309 1013 tertia
317 977 362 1029 pars
371 977 412 1021 etc,
422 970 480 1027 “quia
489 967 572 1012 creditur
580 984 604 1012 ex
612 977 653 1012 tota
661 969 724 1012 multi-

39 1045 106 1088 tudine
121 1044 235 1102 angelorum
249 1050 356 1086 creatorum
370 1044 447 1085 tertiam
460 1049 535 1100 partem
550 1043 660 1085 corruisse.''
682 1043 725 1093 Ast,

39 1134 83 1161 cum
100 1117 233 1160 '‘credibilius''
250 1118 279 1169 sit,
295 1115 396 1159 inferiores
412 1115 487 1159 facilius
502 1116 627 1174 persuasione
642 1114 725 1158 luciferi

39 1193 151 1250 peccavisse,
164 1190 215 1241 ideo,
228 1190 334 1232 '‘fortasse'’
346 1191 378 1231 vel
390 1189 470 1232 dimidia
482 1203 526 1247 pars
539 1187 601 1231 infimi
612 1188 685 1231 ordinis
698 1203 725 1231 ce-

39 1264 90 1307 cidit.
108 1263 184 1319 Quodsi
195 1262 257 1306 adhuc
267 1262 384 1305 insufficiens
394 1264 418 1305 sit
428 1275 524 1314 numerus,
536 1269 587 1313 tunc,
597 1264 672 1305 ratione
682 1276 726 1305 ana·

40 1337 104 1394 logiae
117 1351 162 1378 cum
176 1336 249 1393 angelis
263 1336 319 1379 bonis
333 1335 462 1394 superioribus
476 1348 568 1393 personas
582 1336 726 1378 excellentiores

40 1409 197 1461 custodientibus,
210 1411 281 1468 pariter
294 1425 317 1452 ex
330 1408 456 1452 daemonibus
469 1407 598 1468 superioribus
612 1411 661 1452 sumi
674 1417 726 1468 pote-

41 1490 85 1526 runt
98 1485 249 1541 impugnatores.
272 1485 320 1534 lmo,
336 1498 359 1525 ex
374 1485 428 1524 omni
443 1481 511 1525 ordine
526 1482 614 1541 deputari
630 1490 726 1541 poterunt,

40 1563 142 1615 propterea
154 1554 207 1615 quod
220 1557 294 1599 ratione
307 1562 366 1599 status
379 1570 446 1598 omnes
460 1555 563 1599 daemones
576 1557 657 1599 minimo
671 1570 727 1613 ange·

41 1629 105 1671 lorum
116 1628 217 1671 custodum
228 1628 328 1671 inferiores
340 1635 389 1671 sunt.
401 1631 430 1671 lta
442 1630 516 1672 Suarea

80 1705 173 1760 Quamvis
181 1719 248 1748 verum
256 1706 285 1757 sit,
293 1705 404 1748 huiusmodi
412 1720 453 1748 esse
459 1719 517 1764 puras
524 1712 581 1765 putas
587 1706 727 1765 speculationes

41 1779 85 1838 plus
98 1780 200 1838 minusque
212 1779 296 1831 inutiles,
309 1780 444 1839 permittantur
457 1786 522 1823 tamen
536 1780 601 1838 quoad
614 1781 727 1840 praemissas

41 1860 199 1909 argumentorum
208 1851 335 1896 adductorum
344 1852 420 1911 aliquae
430 1852 578 1897 observationes.
594 1855 646 1898 Ante
655 1855 727 1905 omnia,

41 1938 81 1966 non
92 1933 120 1976 est
130 1925 198 1967 eadem
208 1927 295 1983 quaestio
306 1925 330 1968 de
340 1939 420 1968 numero
431 1926 532 1968 sufficienti
542 1928 656 1983 angelorum
667 1935 728 1970 custo-

42 1998 89 2041 dum
102 2005 120 2040 et
133 1997 251 2041 daemonum
263 2000 427 2058 impugnatorum,
441 2001 489 2042 sicut
502 2001 597 2057 Magister
610 2015 651 2044 rem
663 2000 727 2044 tradit.

42 2073 85 2114 Nec
93 2070 218 2114 Hildebertus
227 2087 262 2114 nec
270 2079 336 2114 auctor
344 2073 433 2114 Saarmae
441 2074 492 2114 Sena.
501 2074 552 2115 hunc
561 2075 640 2116 trahunt
648 2075 728 2133 paralle-

43 2142 89 2194 lum,
103 2151 122 2186 et
134 2144 176 2202 ipse
188 2144 359 2195 LOMBARDUS,
373 2152 476 2203 postquam
489 2146 516 2188 ita
529 2143 572 2188 fuse
585 2161 626 2189 rem
638 2146 729 2205 bipartite

43 2217 131 2275 inspexit,
145 2217 166 2258 in
179 2215 219 2259 fine
232 2216 318 2260 eiusdem
332 2225 395 2260 textus
408 2225 483 2276 partem
496 2220 545 2261 circa
559 2218 662 2263 daemones
676 2220 729 2263 dere-

43 2297 101 2347 pente
115 2288 205 2340 excludit,
221 2298 278 2349 atque
292 2291 437 2348 inquisitionem
451 2292 548 2334 concludit
562 2294 596 2336 ita:
615 2279 729 2336 “Caeterum

43 2363 83 2405 sive
96 2364 123 2405 ita
136 2363 165 2414 sit,
180 2364 219 2405 sive
232 2378 277 2415 non,
291 2378 331 2405 non
344 2371 372 2406 est
385 2363 514 2408 dubitandum
526 2380 684 2426 unumquemque
696 2369 729 2411 ha-

43 2434 88 2478 bere
102 2435 194 2493 angelum
209 2435 244 2479 sibi
259 2436 379 2495 deputatum,
394 2438 435 2481 sive
448 2438 535 2497 pluribus
551 2440 608 2483 simul
624 2440 729 2484 destinatus

47 2507 82 2568 (al,
96 2507 210 2568 deputatus)
229 2511 258 2561 sit,
273 2510 312 2552 sive
325 2511 359 2552 uni
373 2511 500 2569 singulariter.
521 2514 565 2557 Nec
578 2521 607 2556 est
619 2514 729 2557 mirandum

43 2609 104 2616 ›—

85 2648 98 2678 5.
109 2645 133 2676 De
142 2642 209 2684 Angelis,
218 2648 227 2677 8
237 2650 254 2677 21
265 2650 291 2683 313
301 2655 316 2685 p.
326 2649 369 2681 1⁰97.
