1657 3045
253 139 355 176 Daunoni
369 138 511 174 Iuruaunronu
704 137 726 171 75

40 268 105 321 dibile,
121 268 171 320 dico,
186 268 253 310 Deum
268 263 396 309 daemonibus
411 262 457 307 odio
472 261 585 322 invidiaque
600 259 691 304 scelerata
707 259 727 300 in

39 343 128 385 homines
144 339 271 385 saevientibus
286 347 327 383 tam
341 353 433 397 magnam
448 337 556 382 libertatem
571 335 691 386 concessisse,
706 340 740 391 ut>

40 415 121 475 singulis
129 416 181 458 vitae
189 414 293 458 momentis
301 415 354 473 ipsos
362 413 450 455 homines
459 413 595 455 comitarentur
604 417 623 453 et
632 408 728 452 adoriren-

40 498 77 532 tur.
85 487 198 531 Dicendum
207 489 277 547 potius,
288 486 362 530 iactum
371 500 519 544 mensuramque
529 485 679 542 uniuscuiusque
688 491 728 525 ten-

40 562 119 605 tationis
129 561 153 605 ab
163 562 246 621 ipsamet
255 554 359 603 voluntate
366 558 437 610 divina,
448 573 488 601 non
498 574 509 602 a
519 556 582 602 lubitu
592 556 672 608 diaboli,
683 570 728 615 pen-

42 634 93 679 dere.
110 636 149 679 Hic
167 636 254 694 apprime
271 633 357 677 referunt
374 633 503 693 pulcherrima
519 631 578 676 verba
594 632 612 675 S.
630 630 728 674 AUGUS·

41 707 127 754 ΤΙΝΙ;26
144 708 252 753 “Diabolus
268 715 354 767 potestas
369 705 465 767 quaedam
481 714 517 759 est,
533 705 648 765 plerumque
663 712 729 747 tamen

41 783 84 825 vult
94 796 168 834 nocere,
180 789 199 825 et
209 796 250 824 non
261 788 330 841 potest,
342 781 387 841 quia
397 787 482 840 potestas
493 781 530 822 ista
541 779 576 823 suh
587 786 683 839 potestate
694 786 728 821 est.

42 858 96 900 Nam
106 858 122 899 si
133 864 209 899 tantum
219 863 283 915 potest
293 870 362 898 nocere
373 854 468 906 diabolus,
480 860 575 913 quantum
585 853 632 905 vult,
644 867 684 895 non
696 852 729 895 ali-

42 930 85 988 quis
100 931 194 972 iustorum
209 935 322 980 remaneret,
338 935 371 971 aut
386 928 455 986 aliquis
470 926 559 970 fidelium
574 934 623 969 esset
638 927 658 968 in
673 933 728 968 terra.

42 1004 86 1061 lpse
96 1017 187 1062 pervasa
197 1017 231 1045 sua
242 1001 331 1061 impellit,
343 1003 398 1060 quasi
408 1002 502 1060 parietem
513 1000 632 1052 inclinatum,
645 999 678 1043 sed
689 1008 729 1043 tan·

42 1083 84 1119 tum
93 1076 183 1135 impellit,
193 1083 288 1135 quantum
297 1076 366 1134 accipit
375 1082 496 1134 potestatem.
513 1076 540 1118 Ut
551 1081 616 1117 autem
625 1088 665 1116 non
674 1072 731 1117 cadat

42 1150 111 1209 paries,
124 1150 221 1192 Dominus
234 1150 331 1209 suscipiet:
346 1150 439 1209 quoniam
451 1150 485 1208 qui
497 1148 531 1192 dat
543 1155 659 1208 potestatem
671 1154 730 1190 tenta-

43 1224 86 1275 tori,
101 1224 139 1282 ipsi
153 1231 227 1267 tentato
242 1222 321 1282 praehet
335 1221 492 1266 misericordiam.
507 1222 540 1266 Ad
554 1237 665 1265 mensuram
679 1222 731 1264 enim

43 1298 160 1356 permittitur
169 1305 243 1340 tentare
253 1296 349 1341 diabolus:
362 1299 386 1341 Er
395 1295 471 1357 potabis
482 1311 523 1349 nor,
534 1298 602 1356 inquit,
613 1297 633 1339 iar
643 1294 731 1352 lacrymis

43 1371 63 1413 in
75 1385 165 1414 arctatura
180 1370 221 1431 (Ps.
235 1377 259 1419 79
272 1370 305 1430 6).
315 1406 318 1414 .
328 1406 331 1415 .
341 1372 363 1414 .”

82 1455 111 1497 Re
120 1452 199 1513 quidem
207 1469 258 1506 vera,
267 1455 306 1497 iam
316 1454 339 1499 ab
348 1456 404 1498 initio
412 1456 433 1497 in
441 1457 484 1514 ipso
493 1448 652 1514 protoevangelio
660 1454 731 1513 incepit

43 1528 98 1570 Deus
108 1527 181 1571 diaboli
191 1527 300 1572 libertatem
309 1535 411 1580 coarctare,
421 1529 505 1583 maxime
515 1534 580 1571 autem
589 1543 623 1587 per
634 1529 732 1571 Christum

45 1601 170 1653 Servatorem,
183 1602 216 1661 qui
228 1602 281 1645 venit
294 1602 327 1645 “ut
338 1617 373 1661 per
384 1609 467 1645 mortem
479 1601 585 1646 destrueret
597 1618 642 1645 eum
654 1603 687 1661 qui
699 1602 732 1645 ha-

44 1672 102 1718 hebat
112 1676 180 1717 mortis
191 1676 299 1734 imperium,
310 1675 331 1719 id
342 1683 371 1719 est
382 1676 493 1720 diabolum’
510 1675 580 1737 (Heba.
593 1682 604 1718 2
618 1675 663 1736 14),
676 1683 694 1719 et
706 1676 732 1718 sic

46 1749 128 1807 “eripuit
139 1763 175 1791 nos
188 1748 212 1792 de
224 1756 319 1808 potestate
331 1749 465 1794 tenebrarum'
482 1748 535 1810 (col,
551 1756 560 1791 1
575 1749 620 1810 13);
633 1751 691 1801 Hinc,
705 1764 732 1792 se-

44 1826 130 1869 cundum
140 1828 210 1877 Patres,
220 1833 264 1884 post
274 1826 372 1867 Christum
382 1824 486 1867 daemones
496 1839 536 1866 non
545 1825 682 1883 permittuntur
692 1833 732 1867 ten·

45 1907 86 1943 tare
96 1907 190 1958 quantum
201 1905 282 1958 possunt
293 1906 312 1942 et
323 1899 409 1957 cupiunt,
421 1913 455 1942 nec
466 1905 560 1957 quantum
573 1905 616 1942 ante
628 1897 732 1941 adventum

46 1974 117 2017 Christi
131 1971 227 2025 solebant;
242 1973 354 2032 praesertim
368 1979 432 2015 autem
445 1978 533 2031 respectu
546 1973 700 2015 Christianorum
714 1979 733 2015 et

46 2046 140 2089 Ecclesiae
155 2045 286 2089 membrorum
301 2059 423 2104 summopere
438 2045 529 2103 ligantur.
552 2047 580 2088 Ex
595 2046 666 2088 Christi
681 2047 733 2088 enim

46 2128 109 2162 morte
125 2120 225 2163 liberativa
242 2119 341 2163 subsecuta
358 2127 391 2170 est,
409 2127 504 2177 quantum
521 2119 546 2163 ad
563 2127 631 2169 actum¹
643 2121 733 2177 primurn,

47 2192 111 2235 totalis
130 2191 233 2235 destructio
251 2181 357 2236 diabolicae
375 2193 475 2251 potestatis
494 2205 551 2251 super
567 2193 661 2244 homines,
680 2192 733 2244 dum,

46 2265 112 2325 quoad
124 2273 187 2309 actum
199 2264 309 2330 secundum,
322 2279 360 2324 ope
371 2267 513 2310 communionis
525 2267 644 2319 Sanctorum,
657 2267 734 2325 angelo-

47 2353 128 2398 rumque
142 2338 246 2390 custodiae,
262 2339 322 2397 ipsius
337 2339 432 2382 Ecclesiae
446 2340 526 2399 eiusque
540 2339 649 2382 mediorum
663 2339 734 2383 uberri-

47 2425 124 2454 morum
144 2411 321 2470 (Sacramentorum
337 2419 356 2454 et
373 2413 551 2473 sacramentalium)
572 2413 661 2456 diabolus
678 2428 735 2472 saepe

48 2485 124 2542 saepius
134 2485 230 2535 sternitur,
241 2486 287 2536 imo,
298 2492 317 2527 et
328 2484 353 2527 ad
364 2486 499 2543 impotentiam
510 2485 612 2529 reducitur.
624 2489 659 2529 Eas
670 2487 695 2531 ob
706 2502 735 2530 ra-

47 2559 109 2600 tiones
119 2558 234 2602 TANNER
244 2557 269 2601 ad
279 2559 387 2617 quaesitum
398 2559 436 2601 “an
445 2560 557 2603 Daemones
568 2558 640 2619 absque
651 2561 734 2619 speciali,

90 2695 114 2727 26.
124 2694 142 2727 iar
152 2696 175 2727 ΡΙ.
186 2695 210 2733 61,
220 2706 235 2727 n.
246 2698 265 2727 20
278 2694 310 2734 (PL
321 2696 340 2730 36
350 2694 396 2734 715).
