1657 3045
267 114 368 151 Dramorva
382 115 523 151 lnrucrvmona
717 115 738 151 57

52 241 130 304 pendet,
140 242 188 285 haec
197 241 253 286 nobis
262 255 303 284 non
314 239 398 293 aliunde,
409 256 468 301 quam
477 256 501 284 ex
512 239 601 284 lontibus
610 238 739 289 revelationis,

52 319 171 359 innotescere
179 322 248 374 potest.
263 315 321 357 Ratio
330 321 395 356 autem
403 315 445 357 sola
452 315 515 373 ipsam
524 313 598 372 jactum
608 312 740 355 demonstrare

53 388 106 435 haud
117 390 165 449 quit,
177 413 204 420 —-
216 387 269 449 quod
281 386 361 448 quidem
373 386 397 433 de
410 387 502 434 ambabus
514 388 613 434 sententiis
626 384 739 447 parimodo

30 504 32 506 ,
52 465 104 507 valet
115 488 142 494 -
153 462 237 523 ideoque
249 463 274 507 de
286 476 339 506 mera
351 462 478 522 possibilitate
489 462 664 522 probabilitateque
677 475 740 505 sermo

53 552 95 581 esse
107 543 176 596 potest.
197 537 291 592 Quaestio
304 536 363 594 igitur
377 535 402 579 ad
415 537 498 580 rationes
512 537 637 595 theologicas,
651 535 740 579 conveni-

54 611 116 653 entiae
126 610 204 669 quippe,
214 610 321 661 resolvitur,
332 624 382 670 quae
393 616 457 653 autem
468 611 562 669 tripartite
571 608 687 654 considerari
697 622 740 668 pos-

54 691 105 727 sunt:
122 697 145 726 ex
158 691 213 743 parte
225 684 270 736 Dei,
284 698 308 727 ex
321 691 376 743 parte
388 682 512 737 daemonum,
526 692 545 728 et
558 683 637 727 demum
649 698 673 727 ex
685 690 740 742 parte

53 758 161 800 hominum.
176 758 275 809 Attamen,
284 765 306 801 ut
313 771 413 817 processus
421 757 484 815 logice
492 757 532 810 fiat,
540 758 680 801 consulendum
687 756 740 800 vide-

54 837 91 883 tur,
108 836 205 890 utquam
222 832 307 891 primum
324 830 349 875 de
366 830 493 891 possibilitate
511 845 535 875 ex
551 837 605 890 parte
622 828 739 873 daemonum

54 906 197 957 sermocinetur,
206 913 225 949 et
233 904 313 964 quidem
320 904 344 950 de
352 905 480 965 possibilitate
487 906 571 966 physica,
579 920 617 965 qua
624 914 679 964 parte
687 904 740 949 abso·

55 983 102 1034 luta,
114 982 147 1025 via
160 981 234 1041 patebit
247 980 272 1023 ad
284 980 379 1022 moralem
391 978 539 1039 possibilitatem
553 977 678 1031 invisendam,
692 980 741 1022 circa

54 1070 113 1114 quam
121 1055 201 1097 maximi
208 1054 303 1097 momenti
310 1060 339 1096 est
346 1054 386 1096 Dei
393 1052 483 1095 voluntas
490 1053 608 1112 permissive.
617 1053 655 1095 His
663 1051 740 1094 demum

55 1126 179 1171 consideratis
194 1126 293 1186 principiis
309 1127 375 1169 activis
393 1123 532 1185 (daemonibus
548 1132 566 1168 et
581 1124 648 1185 Deo),
664 1124 741 1168 restabit

56 1201 119 1244 adhuc
133 1200 158 1243 de
172 1200 252 1259 passivis
267 1198 365 1258 agendum
379 1200 495 1258 inquantum
510 1200 619 1250 sciscitetur,
635 1214 684 1242 anne
698 1212 742 1242 con-

55 1288 126 1333 gruum
138 1274 162 1317 sit
174 1289 197 1317 ex
208 1281 262 1334 parte
274 1271 380 1325 horariarum,
394 1272 508 1332 ut'singulis
519 1286 586 1315 eorum
598 1273 687 1332 proprius
699 1271 742 1315 dae·

55 1363 102 1391 mon
112 1347 159 1390 mali
170 1348 259 1391 incitator
270 1346 378 1406 deputetur.

223 1506 239 1548 Ι.
251 1506 291 1548 EX.
300 1504 390 1548 PARTE
401 1504 574 1549 DAEMONUM

73 1681 74 1684 η
95 1649 188 1695 Possibile
197 1666 238 1694 esse
247 1650 327 1709 singulis
337 1649 449 1695 hominibus
458 1650 544 1711 singulos
554 1650 658 1695 daemones
667 1653 742 1711 impug-

55 1732 132 1769 natores
140 1724 234 1784 deputari,
242 1739 282 1768 non
288 1731 317 1768 est
324 1740 357 1769 cur
364 1725 467 1778 dubitetur,
476 1727 491 1769 si
499 1724 630 1770 consideratur
639 1726 660 1787 1)
672 1727 743 1769 horum

56 1800 147 1841 Potestas
156 1798 264 1842 Naturalis
273 1813 364 1842 unacum
372 1799 499 1857 possibilitate
507 1801 555 1842 reali
564 1799 652 1842 eamdem
660 1801 743 1843 homini-

56 1871 92 1915 bus
105 1871 222 1930 applicandi.
242 1873 353 1915 Daemones
366 1887 450 1931 namque
464 1880 508 1916 sunt
521 1874 598 1932 spiritus
611 1876 661 1932 puri,
674 1881 743 1917 natura

56 1941 138 2004 prorsusv
151 1945 252 1989 excellenti
268 1944 356 2005 praediti,
373 1945 472 1990 intellectu
488 1962 510 1991 ac
525 1947 626 1991 voluntate
640 1948 743 1991 hominum

56 2025 116 2082 longe
131 2023 242 2083 perfectiori
257 2024 406 2083 praepollentes,
423 2032 491 2084 utpote
506 2027 620 2085 incorporei,
638 2026 744 2071 substantia

57 2102 136 2161 quidem
145 2101 192 2146 boni
202 2118 213 2146 a
222 2104 266 2146 Deo
277 2103 340 2154 creati,
351 2102 385 2146 secl
394 2102 441 2146 iacti
449 2105 497 2147 mali
507 2118 541 2164 per
551 2105 650 2164 propriam
660 2106 743 2164 culpam,

56 2188 101 2240 post
114 2195 178 2240 quam,
193 2181 228 2224 etsi
241 2179 293 2224 dona
307 2182 373 2224 omnia
386 2181 482 2225 naturalia
496 2182 562 2242 quoad
576 2181 702 2227 substantiam
716 2184 744 2226 in-

56 2265 110 2316 tegra
126 2260 257 2310 remanserint,
274 2258 395 2302 obnubilatio
411 2275 487 2304 necnon
503 2261 613 2305 obcaecatio
629 2262 743 2313 intellectus,

57 2337 153 2397 simulque
164 2338 270 2381 voluntatis
283 2340 403 2381 contumacia
416 2347 435 2381 et
448 2338 568 2383 confirmatio
581 2342 602 2383 in
614 2342 667 2384 malo
681 2340 744 2385 subse-

56 2422 111 2457 cutae
121 2422 170 2458 sunt.
179 2417 284 2467 Praeterea,
294 2413 348 2459 adest
357 2417 385 2459 eis
393 2417 507 2461 omnimoda
515 2417 632 2478 possibilitas
641 2418 744 2463 accedendi

58 2493 83 2536 ad
91 2494 179 2536 homines
189 2493 298 2545 tentandos,
308 2494 356 2537 sicut
366 2510 390 2538 ex
399 2496 441 2554 ipsa
451 2510 465 2539 s.
475 2496 572 2555 Scriptura
581 2497 692 2556 plenissime
701 2512 744 2541 con-

57 2578 99 2616 stat.
116 2572 227 2616 Daemones
236 2572 288 2615 enim
297 2572 317 2614 in
326 2571 395 2616 eodem
404 2573 453 2626 loco,
463 2573 496 2618 ubi
505 2582 549 2619 sunt
558 2576 647 2620 homines
655 2577 743 2628 viatores,

57 2658 192 2709 pervagantur,
204 2665 275 2710 nempe
287 2651 307 2693 in
319 2651 356 2694 hoc
368 2651 448 2704 mundo,
463 2667 501 2705 seu,
515 2654 605 2705 exactius,
618 2654 638 2698 in
652 2653 688 2700 hoc
701 2670 744 2699 aare
