1633 3045
64 125 86 163 92
358 119 458 157 amrmrx

63 259 142 286 exarasse,
165 246 223 292 Nunc,
240 245 313 284 haeresis
329 247 442 285 Montanismi
459 246 511 297 longe
527 246 545 284 in
562 246 633 284 Oriente
649 244 718 284 ardebat
734 250 750 283 et

62 299 172 350 grassabatur,
183 305 274 351 antequam
285 299 303 336 in
314 298 408 337 Occidente
419 299 481 338 radices
492 299 586 337 immiserit.
604 300 681 344 Hermas,
689 299 749 348 igitur,

63 356 85 394 ad
92 356 140 393 illam
148 363 212 407 pestem
220 355 302 393 efficacius
310 355 455 401 confundendam,
464 368 525 393 munus
533 355 565 394 sibi
573 356 648 406 arripuit,
657 355 751 394 doctrinam

61 426 118 452 veram
129 414 229 452 catholicam
241 413 262 450 de
273 414 308 450 vita
319 414 380 450 morali
391 414 466 452 hominis
477 425 527 465 super
539 419 600 450 terram
611 412 664 450 modo
675 413 748 465 simplici

63 472 80 504 et
93 466 172 517 populari
187 471 242 517 atque,
258 465 305 517 quod
320 467 382 504 summi
397 472 422 504 est
436 467 523 511 momenti,
538 465 591 504 modo
605 465 714 504 accomodato
728 465 749 503 ad

62 529 137 562 mentem
147 522 266 569 Orientalium,
276 522 315 569 viz,
325 522 414 562 uberrimis
424 523 514 575 allegoriis,
525 522 749 570 similitudinibusrisioni·

62 582 98 629 bus,
110 588 147 628 etc,
159 592 249 634 exponere.
267 581 324 620 Nobis
335 582 395 634 utique
406 581 536 621 occidentalibus
548 581 623 620 taedium
634 594 686 634 quam
697 582 749 619 maxi·

62 652 110 678 mum
120 641 178 679 iniicet
189 639 287 677 huiusmodi
299 640 390 678 methodus
402 639 501 691 parabolica,
514 639 545 678 sed
557 639 673 678 Orientalibus
685 641 749 692 optima

62 704 79 736 et
92 697 233 737 desideratissima
246 703 275 736 est.
295 696 344 747 Quid
357 697 408 749 igitur
421 697 483 745 mirum
497 695 544 750 quod
553 698 615 735 'Pastor
627 698 702 736 Hermae
715 703 749 736 tam

61 768 124 806 magno
135 756 196 808 plausu
207 767 274 794 necnon
285 755 373 807 profunda
384 755 481 800 reverentia,
494 755 529 793 imo
540 755 565 793 uti
576 754 619 794 liber
631 756 721 807 inspiratus
733 762 749 794 et

61 814 156 859 canonicus,
168 825 219 865 penes
230 813 307 850 ecclesias
318 813 407 851 orientales
417 819 452 850 erat
462 813 549 863 receptus?
565 814 635 858 Nonne,
647 814 714 864 pariter,
726 814 749 850 sic

61 870 150 907 resolvitur
162 871 218 921 logice
230 876 247 907 et
259 870 361 914 naturaliter,
374 882 426 922 quare
438 870 520 906 sententia
532 870 564 906 ista
577 869 598 906 de
610 870 674 921 duplici
687 870 749 920 angelo

61 928 151 979 personali,
167 941 207 965 ansa
221 941 242 965 ex
256 928 333 972 Pastoris,
347 929 396 965 Man.
411 929 427 972 6,
442 940 455 965 c.
471 927 606 978 2apprehensa‚
621 927 689 965 nonnisi
703 926 749 1014 apud

60 987 134 1024 Graecos
144 985 221 1024 favorem
231 985 322 1036 receperit.

103 1047 222 1087 INFLUXUS
232 1045 346 1085 PAGANUS
357 1046 407 1084 AUT
418 1045 543 1084 IUDAICUS?
550 1045 662 1093 *Tandem
676 1046 696 1085 de
708 1046 748 1085 rela-

61 1107 108 1144 tione
117 1107 202 1144 Pastorem
213 1106 256 1142 rnter
265 1110 282 1142 e
291 1108 366 1155 paganos
376 1117 443 1142 necnon
453 1104 528 1143 iudaicos
537 1105 631 1156 scriptores
642 1106 684 1157 quid
694 1105 749 1143 dicere

61 1164 112 1201 iuvat.
133 1162 195 1212 Quoad
209 1162 282 1213 duplicis
295 1161 352 1212 angeli
364 1162 471 1213 opinionem,
486 1174 537 1214 quam
550 1163 633 1214 posterior
646 1162 715 1201 traditio
728 1176 749 1200 ex

61 1223 126 1261 Herma
137 1221 235 1273 desumpsit,
247 1219 287 1259 dicit
297 1221 320 1259 Le
330 1220 415 1271 Nourryz³
428 1220 476 1259 “Nec
485 1220 654 1272 praetermittendum
664 1227 689 1260 est
699 1234 748 1275 quos-

63 1279 102 1317 dam
114 1281 138 1329 (v.
148 1291 198 1330 supra
205 1290 222 1329 p.
233 1281 264 1327 53)
276 1284 370 1315 autumasse
378 1278 421 1315 hanc
430 1278 535 1328 opinionem,
545 1278 604 1327 ‘magis
613 1278 635 1316 ad
642 1278 708 1316 fabulas
717 1279 749 1323 fal·

62 1349 118 1374 sarum
125 1336 227 1387 religionum
235 1335 324 1387 pertinere,
333 1347 384 1387 quam
391 1333 466 1372 solidum
474 1335 493 1373 in
501 1335 577 1373 doctrina
584 1336 680 1374 Christiana
687 1336 751 1376 habere,

62 1392 204 1431 fundamentum!
214 1393 246 1430 Sed
255 1393 281 1444 cui
290 1392 371 1431 credibile
379 1392 408 1430 fiet
416 1394 499 1430 Hermam
506 1406 516 1430 a
524 1394 594 1444 paganis
603 1394 659 1445 potius
669 1407 720 1446 quam
728 1395 749 1433 ab

61 1449 157 1501 apostolicis
163 1450 208 1495 viris,
216 1449 248 1487 sibi
255 1450 325 1495 coaevis,
332 1449 380 1486 illam
386 1450 479 1501 accepisse?
487 1479 491 1487 .
499 1479 502 1487 .
511 1480 514 1488 .
522 1450 613 1488 dicendum
620 1457 644 1488 est
650 1463 660 1488 e
666 1452 749 1489 contrario

61 1518 137 1559 paganos
148 1507 169 1546 ab
181 1513 268 1545 auctorum
280 1513 376 1546 nostrorum
387 1507 464 1547 fontibus
477 1509 534 1547 omnia
545 1509 620 1547 hausisse
631 1509 749 1548 huiuscemodi

61 1564 146 1603 doctrinae
154 1564 249 1615 dogmata.''
258 1566 346 1613 Quantum
353 1564 375 1603 ad
381 1566 456 1617 priorem
463 1573 533 1618 partem,
541 1567 562 1604 de
570 1569 644 1605 Hermae
652 1579 713 1619 nempe
721 1567 749 1605 de·

28 1671 31 1673 *
62 1621 154 1673 pendentia
162 1635 172 1660 a
180 1623 256 1674 paganis,
265 1628 308 1660 recte
316 1622 392 1675 Loquitur
401 1625 424 1662 Le
432 1625 510 1674 Nourry;
519 1624 549 1663 sed
558 1625 573 1662 ei
582 1624 716 1663 dissentiendum
725 1632 749 1664 est

62 1679 76 1717 si
85 1679 170 1718 insinnare
179 1679 221 1726 vult,
232 1678 325 1718 doctrinam
335 1680 448 1720 dedaemone
458 1682 528 1734 proprio
538 1689 554 1721 et
563 1683 648 1734 personali
657 1684 749 1736 unicuique

62 1800 86 1832 est
96 1794 144 1847 quod
154 1795 216 1846 pagani
227 1795 310 1833 nonnulla
321 1795 405 1847 dogmata,
417 1810 453 1835 non
462 1804 519 1835 autem
529 1798 550 1836 de
561 1797 643 1836 daemone
653 1800 728 1851 proprio,
740 1813 749 1837 a
773 1833 774 1836 ,

61 1852 161 1891 Christianis
172 1858 275 1898 mutuarunt,
287 1853 329 1892 sicut
340 1853 413 1892 inferius
424 1854 493 1893 dicetur.

103 1922 128 1958 M.
145 1922 165 1958 R.
182 1920 304 1958 Reitzenstein4
321 1932 353 1972 pro
369 1928 469 1972 argumento
484 1923 535 1961 habet
551 1925 689 1962 communionem
705 1925 748 1963 inter

61 1977 164 2015 literaturam
173 1978 307 2028 trismegisticam
317 1985 333 2016 et
344 1980 478 2017 Gnosticismum
488 1987 538 2033 atque
548 1981 627 2019 omnibus
635 1982 700 2021 viribus
709 1994 748 2034 pro·

60 2034 99 2073 bare
108 2035 145 2073 vult
154 2036 233 2073 intimum
242 2049 305 2073 nexum
314 2037 358 2074 inter
367 2039 449 2075 Hermam
459 2044 475 2075 et
484 2039 573 2089 scriptores
582 2052 654 2089 graecos,
664 2041 747 2092 aegyptia·

60 2106 93 2137 cos,
106 2094 181 2143 assyrios,
193 2092 308 2144 babylonicos5
315 2117 338 2123 -
345 2094 454 2133 omnimodos
465 2107 540 2147 paganos
552 2095 582 2135 sed
594 2109 625 2135 nec
636 2098 707 2136 minima
717 2111 747 2136 vo·

60 2151 97 2190 cula
110 2150 131 2189 de
143 2150 220 2204 possibili
233 2151 314 2191 relatione
327 2153 370 2191 inter
382 2154 465 2192 Hermam
476 2160 493 2193 et
505 2153 581 2194 ludaeos.

100 2211 140 2248 Huc
155 2216 211 2247 autem
225 2209 296 2247 habetur
310 2211 415 2249 conclusura:
432 2211 540 2263 angelologia
554 2214 627 2251 Pastoris
641 2213 715 2266 plurima
730 2221 746 2253 et

60 2268 130 2306 indubia
142 2267 214 2317 vestigia
225 2267 318 2318 praesefert
330 2268 448 2318 angelologiae
459 2269 540 2315 iudaicae,
553 2271 576 2308 ita
589 2270 659 2322 quidem
671 2278 690 2309 ut
702 2285 746 2310 com·

58 2359 119 2366 ...-

100 2402 113 2433 3.
124 2399 144 2430 D.
155 2399 176 2430 Le
185 2398 251 2438 Nonrry
261 2396 350 2429 Drrsertatro
359 2397 379 2430 de
389 2398 449 2432 Vittae
443 2399 507 2440 scop
501 2400 543 2432 ass
554 2401 639 2439 Hermae,
634 2412 650 2433 m
660 2401 716 2442 Appar.
726 2400 746 2434 ad

59 2439 130 2473 malaoth
139 2442 186 2479 Max,
196 2450 211 2480 p
220 2441 239 2474 47
251 2439 294 2480 (vide
303 2441 360 2480 Migne,
370 2442 397 2473 PG
407 2445 415 2473 2
425 2441 471 2481 846),

99 2493 114 2525 4.
130 2492 234 2531 Reitzenstein,
250 2490 354 2525 Poimandrer:
369 2491 459 2527 studiana
475 2491 562 2534 2222222222
557 2494 608 2535 agyp
602 2493 689 2529 archana
704 2493 746 2536 laath·

59 2534 152 2568 christlichen
162 2537 186 2568 Lr't
180 2542 211 2568 2222
211 2542 239 2573 tur,
250 2536 311 2576 Leipzig
322 2537 365 2570 1904.

101 2593 115 2623 5.
125 2588 165 2621 Vide
178 2598 254 2621 censuram
267 2588 314 2629 ipsius
327 2599 335 2620 a
347 2590 367 2621 G
380 2589 432 2631 Bardy,
445 2590 630 2624 LePastourd’Hermas
643 2600 656 2625 22
669 2591 746 2626 teriora

60 2631 183 2672 Harmeeiques,
178 2642 194 2663 rn
202 2632 238 2663 Rea.
248 2629 287 2662 nial
296 2632 334 2662 Vlll
345 2630 394 2671 (Paris
404 2601 451 2673 19le)
464 2637 499 2668 391·
500 2634 535 2667 407.
549 2633 578 2665 Sed
586 2634 608 2665 nil
617 2634 653 2667 dicit
662 2635 681 2668 de
690 2635 746 2676 duplici

59 2673 113 2714 angelo
124 2673 164 2714 apud
175 2674 254 2707 Hermam!
