1657 3045
269 127 370 164 Dauuoun
383 126 525 164 Iueuournonr
719 126 741 162 13

54 259 89 302 etsi
100 254 153 314 apud
163 255 234 298 latinos
245 251 349 312 ignotum,⁶¹
360 252 400 305 sed,
412 254 459 296 sicut
470 260 489 296 et
499 254 553 311 Papa
564 250 654 295 Gelasius
665 250 686 293 in
697 263 741 292 con-

53 332 98 376 cilio
110 334 134 373 70
147 330 287 387 episcoporum,
299 326 383 370 eundem
394 328 444 370 inter
456 327 575 386 apocryphos
586 324 665 384 posuit.⁵
684 324 741 366 TER·

13 420 14 423 ’
55 399 222 454 TULLIANUS,⁶
237 401 272 444 etsi
287 415 326 460 qua
341 398 446 443 catholicus
460 398 531 443 librum
546 400 632 441 Hermae
648 394 742 457 approba·

21 474 22 477 ’
54 478 108 527 verit,
119 474 181 518 iactus
192 482 257 518 tamen
267 474 395 525 Montanista,
406 474 443 516 hoc
453 473 512 516 modo
524 480 552 516 est
562 472 657 516 allocutus
668 473 742 530 Papam

56 549 169 594 Callixtum:
185 547 234 592 “Sed
247 547 335 591 cederem
347 546 388 598 tibi,
402 548 418 590 si
431 547 523 606 scriptura
535 545 624 597 Pastoris,
637 560 688 604 quae
701 544 742 588 sola

55 623 146 668 moechos
160 629 218 674 amat,
232 621 298 665 divino
312 622 439 664 instrumento
451 621 543 664 meruisse
556 618 620 672 incidi,
635 620 651 663 si
664 634 704 662 non
718 617 742 663 ab

56 695 109 741 omni
120 694 202 739 concilio
214 694 341 739 Ecclesiarum
353 694 411 738 etiam
423 701 529 737 vestrarum
541 693 590 736 inter
602 693 712 753 apocrypha
724 697 743 734 et

57 770 106 813 ialsa
118 768 240 821 iudicaretur,
253 768 341 812 adultera
353 776 372 811 et
384 769 432 827 ipsa,
445 775 463 811 et
475 767 521 810 inde
533 774 615 826 patrona
628 767 741 810 sociorum.”

56 844 148 893 Demum
162 843 210 886 sicut
222 849 276 885 notat
289 842 440 893 BARONIUS‚⁷
453 856 464 883 a
476 854 556 884 censura
568 841 604 882 ista
617 839 697 882 adversa
708 853 743 899 per

57 914 200 959 Tertullianum
214 913 315 959 testificata
329 915 444 974 posteriores
459 928 500 956 non
514 920 639 966 recesserunt3
654 914 700 965 imo,
716 927 743 955 se-

57 987 143 1032 eundum
155 989 172 1032 S.
186 988 316 1032 Athanasium
329 988 398 1031 Ariani
411 1002 434 1031 eo
448 987 497 1032 libro
511 988 540 1030 usi
555 995 599 1030 sunt
612 985 637 1029 ad
649 986 744 1030 haeresim

58 1076 112 1105 suam
126 1061 224 1105 tuendam.
238 1064 271 1106 De
284 1063 381 1122 praesenti
394 1069 459 1105 autern
473 1062 586 1121 quaestione
599 1059 667 1104 referri
681 1067 744 1120 potest

58 1134 150 1178 iudicium
161 1136 179 1179 S.
191 1136 362 1188 BELLARMINI,
373 1134 407 1179 ubi
418 1135 505 1194 loquitur
516 1133 540 1178 de
551 1136 630 1177 Pastore
641 1134 744 1177 Hermae:⁸

59 1208 165 1264 “Quamvis
177 1217 244 1256 autem,
252 1210 284 1253 hic
295 1208 343 1253 liber
354 1209 417 1253 multa
427 1209 483 1252 utilia
494 1208 576 1253 habeat.
586 1243 590 1252 .
599 1208 668 1253 ‚habet
679 1216 745 1252 tamen

59 1282 116 1325 etiam
125 1282 191 1342 aliqua
198 1283 258 1326 noxia
266 1317 269 1325 .
278 1317 282 1326 .
291 1317 295 1326 .
303 1290 325 1326 ut
333 1284 391 1326 etiam
399 1282 449 1326 illud
458 1282 483 1326 de
491 1281 567 1326 duobus
574 1282 635 1340 geniis
644 1316 648 1325 .
657 1317 661 1326 .
670 1317 673 1326 .
682 1283 745 1340 singu-

59 1355 82 1398 iis
92 1354 203 1400 hominibus
214 1371 225 1399 a
235 1357 279 1399 Deo
289 1355 374 1409 tributis;
385 1370 444 1416 quem
454 1370 538 1399 errorem
548 1370 572 1399 ex
581 1356 619 1399 hoc
630 1362 706 1399 auctore
717 1369 745 1399 ac-

60 1429 110 1486 cepit
123 1429 151 1470 lo.
165 1430 293 1472 Cassianus..
303 1437 334 1471 .et
347 1436 392 1472 ante
406 1444 450 1472 eum
464 1430 564 1486 Origenes.
573 1463 577 1472 .
586 1463 590 1472 .
599 1463 603 1471 .
612 1430 623 1443 ’'
637 1430 686 1473 Non
699 1443 745 1471 vero

60 1508 89 1543 sat
104 1507 185 1554 constat,
203 1516 262 1562 quare
278 1503 335 1545 istam
352 1502 460 1546 doctrinam
477 1503 585 1545 “errorem'’
602 1509 664 1555 vocet,
681 1510 746 1545 utrum

59 1588 130 1634 nempe
139 1575 251 1635 simpliciter
260 1576 306 1636 quia
316 1576 397 1635 singulis
407 1575 517 1620 hominibus
528 1574 656 1620 ascribebatur
666 1576 746 1635 angelus

60 1661 103 1689 cum
110 1646 173 1691 bonus
180 1656 222 1692 tum
229 1648 298 1702 malus,
306 1664 331 1692 an
338 1650 404 1709 potius
411 1650 456 1709 quia
463 1657 519 1710 putat
526 1652 621 1693 Hermam
629 1658 647 1693 et
655 1649 747 1708 angelum

60 1720 134 1763 malum
142 1720 166 1765 ab
173 1723 216 1781 ipso
224 1724 268 1765 Deo
276 1722 369 1767 tributum
377 1738 418 1767 esse
425 1723 504 1777 dixisse3
513 1725 529 1768 si
537 1731 601 1767 autem
608 1724 646 1768 hoc
652 1724 746 1784 posterius

61 1793 85 1836 sit
96 1794 113 1836 S.
125 1794 238 1838 Bellarmini
248 1810 309 1849 mens,
320 1795 423 1840 dicendum
434 1804 468 1850 est,
479 1797 539 1840 talem
550 1795 658 1840 doctrinam
668 1811 708 1840 non
719 1798 747 1840 in·

61 1868 122 1909 veniri
134 1868 161 1910 ita
174 1868 284 1928 explicitam
296 1870 316 1912 in
329 1876 383 1913 textu
394 1871 483 1914 Pastoris.
503 1872 548 1914 Hoc
560 1869 612 1913 idem
623 1870 717 1914 iudicium
729 1872 746 1914 S.

101 1997 116 2029 4.
125 1998 150 2029 De
160 1996 200 2032 Viris
208 1994 297 2034 illustribus,
307 2005 319 2027 c.
330 1999 348 2028 10
359 1994 395 2035 (PL.
405 1998 423 2030 23
434 1994 488 2035 625-6)
501 1995 521 2027 ait
530 1996 544 2027 S.
554 1995 660 2036 Hieronymus:
672 1996 748 2027 ”Hermon

63 2044 159 2072 ...asserunt
171 2045 246 2074 auctorem
258 2037 297 2078 libri,
310 2038 337 2080 qui
349 2037 433 2080 appellatur
444 2038 500 2077 Pastor,
513 2042 528 2070 et
540 2037 581 2079 apud
593 2037 666 2079 quasdam
678 2038 749 2071 Graeciae

62 2083 133 2114 Ecclesias
146 2083 176 2115 iam
188 2081 248 2123 publice
259 2083 318 2122 legitur.
331 2083 387 2113 Revera
399 2081 441 2113 utilis
453 2080 495 2119 liber,
509 2081 583 2121 multique
596 2081 615 2113 de
627 2091 645 2114 eo
658 2083 749 2122 Scriptorum

62 2130 128 2157 veterum
140 2135 222 2166 usurpavere
234 2124 323 2157 testimonia.
336 2122 364 2156 Sed
377 2122 417 2164 apud
429 2123 489 2155 Latinos
500 2133 539 2164 pene
551 2124 611 2164 ignotus
624 2124 660 2156 est.''
673 2124 750 2156 Fusiorem

61 2168 130 2200 notitiam
138 2166 182 2201 affert
190 2166 267 2206 Eusebius,
275 2167 315 2201 trist.
324 2165 383 2206 Eccles.
393 2168 415 2199 ΙΙΙ
423 2175 435 2198 c.
445 2170 453 2201 3
464 2165 500 2207 (PG
509 2170 528 2199 20
538 2166 621 2206 rit-rrum
632 2167 718 2200 ”sciendum
727 2172 749 2200 est

61 2220 95 2242 eum
105 2208 161 2242 librum
172 2222 180 2242 a
191 2210 268 2242 nonnullis
279 2209 339 2250 quidem
350 2210 366 2241 in
378 2208 440 2241 dubium
451 2220 483 2240 esse
493 2214 582 2241 reuocatum.
598 2209 700 2249 Quamobrem
710 2212 749 2243 inter

62 2257 128 2292 receptae
138 2253 229 2285 auctoritatis
238 2250 284 2284 libros
294 2252 349 2283 censeri
360 2262 390 2283 non
400 2256 453 2290 potest.
463 2249 487 2283 Ab
497 2250 531 2283 aliis
540 2261 576 2283 vero
586 2251 650 2284 maxime
660 2252 749 2284 necessarius

62 2294 139 2333 iudicatur,
150 2295 169 2327 iis
178 2295 265 2335 praesertim
274 2295 300 2335 qui
310 2294 362 2334 primis
371 2293 448 2333 religionis
458 2298 517 2324 nostrae
526 2293 602 2325 elementis
613 2294 700 2326 instituendi
710 2301 749 2326 sunt.

62 2335 107 2369 Unde
116 2337 160 2369 etiam
169 2337 185 2369 in
195 2337 263 2369 Ecclesiis
272 2346 306 2369 eum
314 2334 374 2376 publice
382 2335 412 2375 legi
422 2335 525 2375 comperimus,
535 2340 550 2367 et
559 2334 632 2376 quosdam
642 2347 660 2369 ex
669 2336 750 2368 vetustissi-

63 2379 92 2411 mis
100 2378 196 2419 scriptoribus
205 2380 252 2420 ipsius
261 2379 346 2411 testimonio
355 2388 389 2410 usos
398 2377 458 2410 luisse.¹'

104 2426 117 2456 5.
129 2423 143 2454 S.
153 2423 258 2463 Hieronymus,
268 2420 370 2459 lailahacuo
381 2422 387 2452 l
397 2431 409 2452 c.
420 2424 427 2452 1
438 2431 452 2452 v.
464 2421 509 2455 13-14
521 2420 558 2461 (PL.
568 2425 586 2455 25
598 2422 654 2461 1286),
664 2422 700 2454 dicit
709 2422 750 2462 quod

64 2461 112 2498 “liber
126 2463 153 2497 ille
168 2464 260 2507 apocryphus
276 2463 347 2497 stultitiae
362 2461 482 2496 condemnandus
498 2464 534 2503 est‚”
550 2468 628 2506 propterea
643 2463 684 2507 quod
699 2465 751 2497 Pastor

63 2508 129 2583 {letgiae
141 2507 184 2541 docet
196 2509 274 2541 stultitiam
286 2507 304 2540 de
316 2507 372 2547 angelis
385 2505 470 2539 custodibus
482 2516 510 2547 pro
522 2506 600 2547 reptilibus
612 2513 626 2540 et
638 2509 671 2540 aliis
684 2509 751 2540 animali-

73 2561 91 2582 us
108 2551 150 2582 rutis.

105 2593 120 2626 6.
128 2594 153 2625 De
161 2591 238 2632 Pudicitia,
247 2603 259 2626 c.
270 2597 288 2626 10
299 2591 335 2634 (PL.
345 2596 353 2625 2
364 2590 411 2632 1000)
418 2602 422 2630 3
430 2590 465 2624 vide
474 2596 489 2624 et
497 2601 509 2625 c.
518 2596 537 2625 20
549 2591 585 2633 (PL.
595 2596 604 2624 2
614 2592 670 2633 1021).

105 2640 119 2669 7.
128 2634 184 2668 rinnai,
193 2634 252 2674 Eccles,
262 2637 276 2668 ΙΙ
288 2635 344 2676 (Lucae
354 2634 402 2674 1738)
415 2635 444 2666 204
455 2644 499 2675 super
508 2645 564 2667 annum
575 2639 609 2670 159.

106 2682 120 2710 8.
129 2679 154 2710 De
163 2678 215 2719 Script.
225 2677 284 2717 Ercler„
295 2680 324 2719 Op.
334 2680 373 2716 Ona,
383 2679 406 2710 Vl
419 2677 493 2718 (Neapoli
504 2678 552 2719 1362)
566 2682 589 2711 18.
