1633 3045
80 158 101 192 72
279 152 310 188 Du
321 151 449 189 Smouronum
461 151 564 188 Homnun

78 288 116 334 que
125 277 269 331 consequenter,
279 278 298 315 et
306 272 369 331 ipsam
378 271 551 332 impugnationem,
561 286 600 331 qua
607 268 706 314 mediante
715 282 766 313 exer-

79 348 146 390 citium
154 345 179 390 ad
187 345 262 389 bonum
269 343 357 388 habetur.
366 347 465 405 Namque,
474 346 603 404 impugnatio,
612 358 662 404 quae
670 343 723 386 mala
732 350 766 394 est,

78 421 99 462 in
109 425 197 463 concreto
208 419 314 461 necessarie
325 420 448 477 consequitur
459 434 482 462 ex
492 418 527 461 illa
538 418 674 476 assignatione,
686 417 732 475 quia
743 431 767 459 ex

78 499 133 552 parte
142 492 260 536 daemonum
267 491 342 534 malum
349 491 438 535 hominis
443 493 556 552 praeprimis
565 490 677 534 intenditur.
686 477 767 533 Reduci·

79 573 110 609 tur
119 580 165 625 ergo
175 564 200 608 ad
208 565 251 617 hoc,
260 564 314 625 quod
322 566 377 609 Deus
387 567 554 626 impugnationem
563 563 721 616 hominis'vellet,
732 564 767 607 etsi

79 646 158 697 propter
165 639 238 683 bonum
246 637 306 680 finem
314 639 399 681 exercitii
406 640 497 682 hominis.
505 640 554 682 Non
562 637 638 681 videtur
646 638 711 695 igitur,
720 651 767 696 quo-

78 711 138 755 modo
147 711 247 771 deputatio
256 710 380 763 daemonum,
389 719 410 754 ut
418 711 514 756 obiectum
521 711 628 755 voluntatis
635 710 718 762 divinae,
727 724 767 752 non

80 799 100 828 se
112 784 183 829 habeat
195 791 217 827 ut
229 783 316 827 medium
330 784 401 828 directe
413 786 496 828 volitum
509 785 534 829 ad
547 784 612 837 finem,
627 786 660 844 qui
674 785 726 827 enim
739 785 767 826 in·

79 857 133 901 tendi
144 858 217 916 nequit,
228 858 276 916 quin
286 858 344 900 simul
355 865 374 901 et
384 857 471 901 medium
481 858 506 902 ad
516 858 573 901 illum
584 856 700 901 intendatur.
711 858 767 899 Exer-

79 931 146 973 citium
154 936 219 973 autern
228 930 336 982 hominum,
346 933 470 989 quantumvis
479 932 558 983 bonum,
568 924 609 974 non
618 930 708 975 iustificat
718 929 767 973 illud

79 1001 172 1046 medium
180 1001 220 1045 Ali
207 1016 230 1045 ns
237 1001 306 1055 verbis,
314 1004 370 1046 Deus
377 1018 412 1047 suo
420 1005 490 1047 morali
497 1004 572 1048 influxu
579 1019 614 1064 per
622 1004 702 1063 deputat
674 1004 768 1047 tationem

80 1074 198 1119 daemonum
208 1075 306 1134 duplicem
316 1076 430 1135 producere
422 1076 531 1121 1111111111
532 1086 601 1130 tenta
601 1080 680 1129 tionem,
691 1092 768 1136 nempe,

81 1149 221 1191 etexercitium
230 1149 323 1201 hominis;
334 1150 366 1191 hic
377 1156 441 1191 autem
451 1150 514 1193 bonus
525 1150 604 1193 effectus
614 1165 654 1193 non
664 1149 739 1193 obtinet
731 1156 768 1201 tur,

80 1221 117 1264 nisi
128 1228 266 1280 consequenter
277 1221 302 1264 ad
312 1221 374 1274 illum,
386 1223 420 1281 qui
430 1223 494 1266 malus
505 1230 539 1266 est.
550 1225 599 1268 Non
610 1223 686 1267 videtur
697 1228 767 1275 autem,

25 1330 27 1332 ,
80 1294 186 1352 quomode,
196 1293 281 1336 volendo
290 1292 370 1347 bonum,
380 1296 514 1353 praescindere
523 1299 584 1356 possit
594 1297 674 1348 amalo,
685 1297 738 1356 quod
748 1298 769 1338 in

80 1374 168 1410 concreto
181 1367 286 1409 necessarie
299 1369 467 1427 praesupponitur.
488 1370 577 1429 Sequitur
590 1385 636 1429 ergo
649 1370 716 1413 Deum
728 1384 768 1412 non

78 1453 135 1498 posse
144 1439 215 1483 directe
220 1440 271 1482 velle
279 1440 425 1499 deputationem
431 1451 450 1486 et
458 1444 543 1486 hominis
549 1445 665 1495 exercitium,
672 1444 768 1502 simulque

81 1511 182 1555 dumtaxat
198 1511 250 1554 velle
265 1512 382 1571 permittere,
399 1515 431 1558 vel
447 1516 468 1558 in
484 1514 559 1560 bonum
576 1515 671 1568 ordinare,
687 1515 768 1568 malum,

81 1599 120 1645 quo
130 1585 174 1629 finis
183 1584 286 1628 obtinetur.
701 1577 703 1581 ’

120 1664 206 1724 Insuper,
215 1663 236 1705 in
245 1662 351 1722 supposito,
362 1661 415 1722 quod
425 1663 480 1706 Deus
488 1663 530 1723 ipse
540 1662 644 1707 daemones
654 1662 734 1722 deputet
744 1662 769 1706 ad

80 1736 169 1780 homines
178 1735 300 1787 exercendos,
309 1737 351 1795 ipse
360 1743 409 1779 esset
418 1751 474 1779 causa
483 1738 562 1780 moralis
571 1745 589 1781 et
598 1737 715 1796 principalis,
725 1737 769 1780 dae-

80 1823 148 1852 mones
158 1822 204 1852 vero
215 1808 293 1851 nonnisi
303 1809 465 1861 instrumentales,
476 1809 560 1869 ideoque
571 1818 622 1853 totus
634 1809 714 1853 effectus
725 1825 768 1853 con-

81 1896 162 1941 sequens
173 1881 210 1939 ipsi
221 1882 265 1924 Deo
277 1889 327 1924 esset
337 1880 455 1925 referendus.
474 1885 502 1926 Ut
513 1898 537 1926 ex
549 1882 604 1927 dictis
615 1884 702 1936 habetur,
715 1883 768 1927 aliud

81 1961 110 1998 est
120 1956 186 1998 Deum
196 1955 260 2012 ipsum
271 1953 365 2013 deputare
375 1963 394 1998 et
405 1954 494 2000 ordinare
506 1956 611 2001 daemones
622 1957 647 2001 ad
658 1958 768 2001 exercitium

81 2029 189 2078 hominum,
201 2026 254 2070 aliud
264 2028 345 2070 omnino
355 2029 421 2071 Deum
432 2029 457 2072 ad
468 2031 579 2073 exercitium
589 2030 679 2074 ordinare
690 2030 769 2090 deputa·

81 2105 155 2147 tionem
164 2105 323 2161 impugnatorum
334 2117 345 2145 a
355 2102 441 2161 principe
452 2102 599 2147 daemoniorum
610 2103 688 2148 iactam.
700 2106 722 2147 ln
732 2105 769 2148 hoc

82 2178 135 2220 enim
148 2192 194 2220 casu
207 2175 256 2217 nihil
269 2174 316 2219 11111
329 2177 366 2218 nisi
379 2176 490 2235 permittere
503 2177 578 2220 malurn
591 2178 744 2237 impugnationis
759 2194 770 2222 a

82 2248 208 2294 daemonibus
220 2247 267 2300 fieri,
279 2262 360 2307 eamque
371 2249 392 2291 in
402 2248 476 2293 bonum
487 2249 547 2293 finem
558 2251 641 2310 positive
651 2250 734 2295 ordinat.
746 2254 769 2294 In

81 2324 141 2382 priori
149 2335 195 2366 vero
203 2335 249 2365 casu
257 2322 298 2380 ipse
306 2335 341 2380 per
350 2323 434 2381 seipsum
443 2323 548 2367 daemones
557 2323 582 2367 ad
591 2323 689 2382 agendum
696 2334 768 2378 movet,

81 2397 163 2454 positive
173 2408 208 2453 per
219 2393 364 2452 deputationem
376 2394 495 2439 conferendo
506 2396 619 2440 facultatem
629 2398 723 2441 moralem
734 2400 769 2441 im-

81 2466 211 2528 pugnationis,
223 2468 311 2526 quamvis
321 2475 400 2527 propter
411 2470 538 2513 extrinsecum
548 2469 622 2515 bonum
632 2471 697 2516 finem.

120 2539 282 2585 Concludendum
291 2541 350 2599 igitur
359 2540 441 2595 videtur,
452 2543 613 2604 qualemcumque
623 2544 772 2604 deputationem

82 2614 199 2656 daemonum
209 2628 233 2655 ex
243 2619 298 2671 parte
307 2614 346 2655 Dei
356 2629 396 2656 non
405 2629 462 2673 posse
473 2615 555 2660 admitti.
572 2619 595 2661 Et
604 2626 663 2662 restat
672 2620 768 2679 inquiren-

82 2686 129 2730 dum
145 2686 169 2731 de
184 2685 245 2728 altero
260 2700 310 2738 casu,
325 2687 346 2729 in
361 2702 399 2747 quo
413 2689 469 2732 ⁴Deus
484 2697 560 2733 tantum
575 2690 644 2735 dicitur
659 2694 768 2752 permittere
