1633 3045
85 95 107 131 14
284 94 314 130 Du
326 93 454 131 smomouuu
466 93 569 129 Honruun
605 82 607 87 ‘

85 220 198 264 Bellarmini
206 219 231 264 de
239 221 305 264 valore
313 222 399 264 Hermae
406 221 456 264 circa
464 221 513 263 hanc
522 220 655 280 quaestionem
664 219 689 263 de
697 218 771 278 angelis

85 295 154 337 volunt
167 293 227 352 aliqui
240 295 279 336 iam
292 294 351 351 longe
363 295 417 353 prius
431 293 483 354 apud
498 293 539 354 (S.)
557 293 713 336 PROSPERUM
726 294 771 348 AQ.

85 368 177 412 invenite.
195 368 234 410 Hic
247 367 299 410 enim
311 381 347 426 pro
359 367 431 411 viribus
444 365 568 411 defendendo
580 364 688 409 doctrinam
701 367 719 409 S.
732 366 772 408 Au·

86 441 158 499 gustini
170 440 219 483 circa
231 440 319 498 gratiam,
332 440 415 484 liberum
428 440 533 492 arbitrium,
546 446 565 483 et
577 439 773 500 praedestinationem

87 514 162 573 scripsit
173 511 251 557 Librum
264 520 330 557 contro
343 512 467 566 Collaturam,
480 514 501 557 in
514 528 552 574 quo
565 513 674 557 doctrinam
686 513 773 556 Cassiani

87 588 175 646 energice
182 586 260 630 refellit.
268 588 322 630 Dicit
330 588 383 630 enim
391 587 432 640 ibi,⁹
440 587 537 632 movendo
546 593 612 631 contra
621 584 670 630 Coll.
681 592 704 633 13
713 601 729 629 c.
739 591 771 629 12:

88 662 146 706 “Post
155 659 205 705 illud
215 667 280 705 autem
290 660 363 704 nullius
374 661 491 705 auctoritatis
503 661 634 705 testimonium
645 659 698 721 quod
709 658 773 719 dispu-

88 735 156 777 tationi
165 748 211 778 suae
218 733 243 777 de
252 734 319 778 libello
328 736 411 776 Pastoris
420 735 505 787 inseruit,
515 750 538 777 ex
547 750 586 793 quo
595 732 697 776 ostendere
704 733 773 784 voluit,

88 808 137 850 inter
149 805 196 850 boni
209 812 228 849 et
239 806 286 849 mali
300 806 364 865 angeli
377 808 481 851 contrarias
494 808 597 859 suasiones,
610 806 637 849 ita
650 820 728 849 omnem
740 806 774 849 ho-

88 880 161 922 miuem
170 880 254 922 naturali
264 879 335 922 iudicio
346 887 365 923 et
375 881 465 940 propriae
475 880 584 923 discretioni
594 894 635 923 esse
644 880 774 922 commissum.

90 953 139 996 ...¹¹
150 954 226 995 Verum
236 959 264 995 est
274 952 328 1012 quod
338 954 420 1013 Prosper
431 953 545 997 sententiam
556 954 613 997 istam
624 952 648 997 de
659 951 732 1012 duplici
743 968 775 995 an-

89 1026 134 1084 gelo
143 1024 222 1069 cuilibet
229 1026 304 1069 homini
313 1034 413 1086 praesente
422 1025 490 1079 retert3
500 1027 562 1070 nihilo
571 1035 637 1071 tamen
645 1024 712 1078 secius,
721 1035 743 1070 at
752 1040 776 1068 ex

89 1107 131 1142 toto
146 1107 237 1142 contextu
251 1097 336 1143 eiusdem
352 1100 429 1152 eruitur,
445 1101 495 1143 hanc
509 1100 594 1160 praecise
609 1099 721 1160 opinionem
735 1114 776 1143 non

89 1171 132 1215 vult
142 1170 263 1232 exprobrare,
275 1171 308 1215 sed
319 1173 383 1232 potius
395 1186 435 1216 sese
446 1181 527 1232 occupat
537 1188 581 1216 cum
591 1172 679 1217 doctrina
689 1172 776 1216 Cassiani

94 1243 138 1305 (qui
151 1245 203 1290 enim
215 1244 416 1305 Semi-Pelagianismo
429 1244 513 1291 iniectus
525 1244 587 1308 erat),
600 1247 649 1291 circa
662 1247 745 1305 gratiam
758 1253 777 1289 et

91 1318 173 1363 liberum
184 1317 288 1363 arbitrium.
299 1321 321 1363 lu
331 1320 367 1363 hac
378 1327 442 1364 autem
451 1322 532 1365 materia
543 1337 567 1365 ex
576 1323 652 1379 integro
662 1320 726 1364 dirimi
735 1319 778 1364 vult

92 1394 224 1435 auctoritatem
234 1392 323 1443 Pastoris,
337 1394 384 1435 sicut
395 1401 449 1452 patet
459 1409 483 1436 ex
494 1395 532 1437 suis
543 1393 606 1438 verbis
618 1395 654 1436 “ex
664 1408 703 1453 quo
714 1400 777 1436 osten-

92 1463 138 1508 dere
152 1465 221 1509 voluit.
230 1498 234 1507 .
243 1499 246 1508 .
296 1467 404 1519 Caeterum,
420 1467 469 1509 nihil
486 1466 531 1511 dicit
546 1470 628 1526 Prosper
644 1466 669 1510 de
684 1468 778 1510 sententia

92 1538 140 1580 circa
153 1536 202 1580 duos
214 1538 288 1595 genios,
302 1553 361 1596 quam
373 1539 451 1582 nonnisi
464 1539 526 1584 obiter
538 1540 699 1583 commemorat

131 1622 229 1667 Addenda
238 1637 289 1666 nuuc
299 1629 343 1665 sunt
354 1622 418 1682 aliqua
428 1620 508 1666 verbula
517 1623 554 1665 DE
563 1622 686 1666 INTERNO
698 1621 779 1666 CHAR-

93 1699 195 1741 ACTERE
204 1696 288 1740 Pastoris
297 1697 389 1739 Hermae.
407 1697 448 1739 lam
459 1696 479 1739 in
490 1702 608 1740 antecessum
618 1701 686 1740 notare
696 1702 779 1755 oportet,

93 1770 147 1830 quod
160 1772 244 1814 Hermas
257 1770 277 1812 in
291 1785 325 1813 sua
339 1770 451 1829 praesertim
465 1769 552 1813 doctrina
565 1769 590 1813 de
604 1770 677 1828 angelis
690 1768 747 1814 bonis
761 1777 780 1813 et

94 1844 150 1887 malis
158 1842 274 1901 iampridem
281 1844 378 1886 immerito
386 1843 466 1886 omnino
475 1849 573 1886 accusatus
581 1851 615 1894 est,
623 1843 718 1886 influxum
727 1845 780 1886 Gno-

95 1918 173 1959 sticisml
185 1914 270 1960 subiisse.
283 1917 327 1959 Hoc
340 1914 420 1974 quidem
432 1916 501 1960 ultimo
514 1915 601 1960 dimidio
610 1916 680 1959 saeculi
693 1917 781 1974 proxime

95 1989 156 2048 elapsi
166 1989 225 2032 critici
235 1988 346 2046 germanici,
355 1988 497 2032 Rationalismo
508 1987 623 2040 laborantes,
635 1987 781 2039 contenderunt,

95 2062 129 2120 qui
138 2067 212 2104 textum
221 2060 336 2118 originalem
345 2076 407 2121 nuper
417 2063 517 2104 inventum
527 2068 546 2104 et
556 2060 676 2122 publicatum
686 2076 781 2105 commen-

95 2135 130 2179 tati
138 2143 188 2179 suot.
196 2133 266 2179 Nihilo
274 2142 339 2179 tamen
346 2137 416 2188 minus,
424 2138 510 2180 Hermae
517 2138 615 2180 Pastorem
624 2136 731 2180 doctrinam
739 2136 781 2181 sub-

96 2209 210 2253 stantialiter
222 2222 288 2252 sanam
299 2208 391 2268 praebere
402 2208 493 2269 permulti
505 2216 545 2253 tam
557 2225 581 2253 ex
593 2209 676 2269 antiquis
687 2225 747 2269 quam
758 2226 782 2254 ex

95 2281 232 2326 recentioribus
238 2281 285 2325 fassi
292 2289 341 2326 sunt.
355 2282 568 2327 Praetereundumuero
574 2297 614 2326 nou
620 2289 653 2335 est,
659 2283 712 2342 quod
718 2297 783 2326 secun-

96 2354 143 2398 dum
153 2355 256 2413 Originem
265 2354 299 2398 ille
309 2354 357 2399 liber
367 2355 487 2399 anonnullis
497 2357 518 2399 in
528 2362 641 2415 contemptu
650 2355 726 2401 habitus
737 2355 782 2409 fuit,

97 2456 158 2463 .--..-

138 2510 153 2542 9.
163 2507 230 2547 Prosper,
241 2504 284 2538 Liber
296 2511 345 2538 contra
356 2504 450 2545 collatorem,
461 2517 474 2539 c.
485 2510 503 2543 13
517 2505 553 2547 (PL.
565 2511 583 2541 51
595 2507 624 2541 247
635 2507 663 2547 s).

141 2552 164 2581 10.
172 2549 195 2582 Ex
202 2547 245 2581 dictis
253 2552 298 2588 patet,
307 2549 327 2581 H.
336 2548 398 2589 Cuycbii
407 2547 480 2582 iudicium
488 2550 535 2590 ipsius
544 2554 593 2581 textus
601 2550 659 2582 veritati
668 2562 698 2584 non
707 2550 785 2583 convenire

99 2589 160 2631 quando
170 2590 211 2623 dicit:
224 2591 254 2622 Ἴ).
264 2592 327 2630 Prosper
337 2601 397 2632 quoque
406 2592 422 2623 iu
433 2601 458 2632 op.
468 2590 502 2624 adv.
513 2596 531 2628 13
543 2591 582 2624 Coll.
592 2590 638 2631 edito,
648 2592 686 2625 hanc
696 2593 744 2633 ipsam
754 2602 785 2626 sen·

100 2633 161 2666 tentiam
170 2632 189 2666 de
197 2630 255 2666 duobus
263 2633 320 2674 angelis
326 2657 330 2665 .
336 2658 340 2666 .
347 2659 350 2666 .
356 2635 378 2666 uti
387 2632 440 2667 falsam
449 2634 511 2667 reiicit.'¹
520 2633 591 2667 annosas.
603 2634 639 2675 (PL.
649 2639 668 2669 50
679 2634 725 2674 323).
