1633 3045
83 110 105 143 20
283 104 313 141 De
325 104 453 141 Sruourouusr
465 104 568 140 Honrmuu

84 246 122 291 que
138 231 240 274 adversum
255 244 305 290 quos
321 229 432 274 hominibus
448 230 545 273 luctamen
561 236 595 281 est,
611 229 736 288 principatus,
753 235 772 271 et

83 312 194 364 potestates,
205 311 223 346 et
232 302 301 346 mundi
309 304 367 346 huius
377 310 458 347 rectores
467 301 596 346 tenebramm.
606 302 716 346 Econtrario
725 314 772 344 vero

85 379 159 438 spiritui
167 377 258 421 adversus
266 391 343 420 carnem
351 377 462 430 decertanti,
471 378 594 436 animamque
602 377 714 427 humanam,
721 390 772 434 quae

84 451 149 494 media
163 458 197 501 est,
212 449 237 492 ad
251 464 271 492 se
284 464 374 492 revocare
388 452 472 501 conanti,
486 449 553 492 lavent
567 457 586 493 et
601 448 693 492 adiuvant
708 448 772 506 angeli

84 524 136 569 boni.
146 559 149 568 .
159 559 163 567 .
172 558 176 568 .
184 524 195 538 '’

124 599 152 640 Ex
162 597 217 640 dictis
229 604 294 640 autem
304 611 345 640 non
355 598 400 642 licet
410 595 530 649 concludere,
541 597 648 655 Origenem
659 596 773 639 sententiam

86 669 111 713 de
120 670 173 714 malo
184 671 242 729 genio
254 670 332 715 cuilibet
344 672 441 729 assignato
452 686 477 715 ex
487 678 529 714 toto
541 669 599 714 corde
610 670 722 729 amplexum
733 684 773 712 non

86 743 151 787 luisse.
169 743 287 787 Advertatur
297 745 355 796 enim,
367 744 414 804 quid
424 744 474 788 dicat
485 743 518 788 ubi
529 758 553 787 ex
564 742 652 803 professo
664 742 689 786 de
700 741 774 801 angelis

86 817 181 862 tutoribus
192 815 275 861 disserit:
290 818 373 878 “Neque
385 819 436 861 enim
447 817 477 861 ias
488 825 516 862 est
526 816 608 870 credere,
620 817 682 860 malos
694 816 774 874 angelos

88 892 126 933 suis
135 905 223 949 praeesse
232 892 341 950 provinciis,
352 899 371 933 et
379 890 441 934 bonos
451 907 491 934 non
501 891 578 935 easdem
587 891 695 951 provincias
704 888 775 933 habere

87 966 195 1024 permissas.
215 966 260 1008 Hoc
272 972 337 1008 autem
350 964 403 1024 quod
416 964 441 1009 de
453 964 534 1023 singuiis
546 965 649 1025 provinciis
662 964 714 1015 dicit,
727 971 775 1023 puto

88 1039 147 1080 etiam
159 1038 183 1080 de
195 1038 288 1080 universis
301 1037 411 1081 hominibus
424 1039 539 1095 generaliter
551 1037 621 1081 debere
633 1037 715 1081 credere.
727 1038 775 1080 Uni-

89 1111 158 1170 cuique
172 1109 211 1153 duo
227 1112 317 1153 assistunt
332 1111 402 1169 angeli,
418 1112 466 1154 alter
481 1112 571 1165 iustitiae,
587 1111 635 1155 alter
650 1111 774 1170 iniquitatis,¹’

89 1192 108 1226 et
118 1187 188 1243 repetit
198 1183 305 1226 doctrinam
315 1186 400 1227 Pastoris
410 1184 435 1227 de
445 1185 556 1243 cognitione
566 1186 665 1244 utriusque
677 1184 741 1242 angeli
752 1198 776 1227 ex

89 1257 179 1315 operibus
194 1255 288 1309 eiusdem;
305 1264 323 1299 et
338 1256 419 1300 subinde
433 1257 567 1316 proficiscitur:
585 1257 703 1313 “Quomodo
718 1258 777 1314 igitur

89 1343 124 1388 per
134 1329 221 1388 singulos
231 1330 320 1373 homines
330 1328 371 1373 bini
382 1337 426 1373 sunt
437 1331 508 1388 angeli,
519 1332 546 1374 sic
556 1333 626 1391 opinor
637 1338 655 1374 et
665 1332 686 1373 in
696 1330 777 1389 singulis

91 1402 176 1462 dispares
190 1417 231 1446 esse
243 1404 352 1463 provinciis,
364 1412 386 1447 ut
398 1405 436 1447 sint
448 1412 467 1447 et
479 1404 532 1458 boni,
546 1406 583 1449 sint
596 1413 615 1449 et
627 1404 711 1448 mali.'’¹⁹
722 1404 777 1448 Atta-

90 1491 141 1529 men,
156 1483 250 1537 quantum
265 1477 355 1521 adhunc
369 1486 449 1531 textum,
464 1493 514 1539 opus
528 1486 557 1522 est
570 1480 682 1540 praesertim
695 1477 777 1523 modurn

91 1552 212 1610 opinativum
221 1558 295 1603 notare,
305 1567 344 1611 quo
355 1554 396 1611 ipse
406 1553 501 1612 loquitur3
512 1553 558 1596 dicit
568 1553 620 1596 enim
630 1555 702 1612 '‘puto’'
715 1555 778 1612 singu-

91 1628 115 1672 lis
125 1626 236 1672 hominibus
247 1627 295 1671 duos
306 1628 394 1677 assistere
404 1628 490 1684 angelos,
501 1635 521 1670 et
530 1635 603 1686 postea,
616 1628 709 1686 ‘'opinor''
722 1641 779 1685 ange-

91 1702 121 1745 los
133 1717 174 1745 esse
184 1702 204 1745 in
216 1701 296 1759 singulis
307 1701 410 1761 provinciis
422 1700 513 1760 dispares.
531 1700 601 1744 Relate
611 1700 636 1744 ad
647 1701 685 1744 hoc
696 1700 779 1744 alterum

91 1775 200 1820 membrum
212 1773 404 1818 animadvertendum
417 1781 451 1826 est,
464 1773 518 1834 quod
530 1774 626 1832 Origenes
638 1788 662 1817 ex
674 1775 779 1833 praemissa

92 1850 154 1891 multo
168 1849 232 1891 minus
247 1846 329 1906 probata
342 1847 393 1889 velle
406 1847 538 1890 demonstrare
552 1861 593 1890 rem
607 1849 646 1890 iam
659 1848 722 1906 magis
736 1862 779 1907 pro-

92 1920 166 1973 batam;
180 1935 226 1964 nam
240 1935 263 1963 ex
277 1935 306 1973 eo,
320 1920 373 1980 quod
385 1920 433 1963 mali
446 1921 511 1980 angeli
524 1922 562 1964 suis
576 1934 664 1980 praeesse
676 1922 779 1981 provinciis

93 1995 187 2048 dicantur,
204 1994 301 2037 concludit
318 1994 395 2038 easdem
411 1996 483 2054 pariter
499 1994 555 2039 bonis
573 1995 646 2052 angelis
663 1996 733 2039 ascisci.
757 1998 780 2039 In

93 2083 169 2127 genere,
189 2068 284 2126 Origenes
303 2066 423 2111 tendentiam
441 2067 532 2122 ostendit,
552 2067 642 2113 omnibus
661 2069 781 2129 singulisque

93 2142 155 2194 rebus,
165 2143 223 2185 etiam
231 2142 322 2193 minimis,
331 2143 420 2202 proprios
428 2142 535 2186 ascribendi
543 2141 623 2200 angelos
632 2142 738 2202 praesides;
747 2144 780 2195 ita,

93 2231 111 2259 v.
119 2231 145 2274 g,
154 2216 175 2258 in
182 2216 242 2258 Horra,
253 2217 277 2261 14
286 2216 307 2258 in
315 2215 337 2258 N
338 2216 394 2259 um.²⁰
403 2216 483 2274 angelos
491 2217 533 2259 vult
542 2217 636 2276 praeponi
645 2231 702 2275 super
710 2216 780 2261 bestias

94 2297 160 2341 terrae,
172 2304 222 2349 quae
232 2288 319 2332 doctrina
329 2288 381 2348 apud
391 2290 439 2333 alios
450 2290 544 2349 pariter,²1
556 2290 654 2349 speciatim
665 2275 780 2343 Platonicos,

136 2408 160 2440 19.
169 2404 247 2443 Origenes,
257 2403 303 2435 Hom.
313 2407 332 2434 12
342 2403 357 2435 in
366 2404 401 2435 Luc,
412 2403 453 2444 (PG.
463 2407 481 2439 13
493 2401 549 2443 1829).

136 2452 160 2480 20.
171 2448 217 2479 Hom.
229 2448 248 2481 14
260 2447 275 2478 in
286 2447 333 2478 Nara,
347 2446 418 2487 (PGAZ
430 2447 476 2486 680).

135 2494 159 2522 21.
170 2491 207 2522 Otto
219 2489 294 2529 Euerling,
306 2490 336 2521 Die
348 2487 442 2521 Paulinische
454 2486 555 2529 Aagelologie
567 2485 598 2520 und
609 2485 721 2529 Dimonologle
736 2488 781 2528 (Ger-

95 2534 147 2573 tingen
159 2531 207 2571 1888}
221 2532 266 2571 1269
278 2541 302 2569 ss,
314 2530 374 2563 adducit
384 2531 432 2563 muru
443 2531 531 2563 documenta
542 2530 561 2562 ad
573 2529 676 2563 delineandam
688 2530 783 2563 traditionem

93 2575 167 2607 iudaicam
178 2574 197 2607 de
207 2574 264 2614 angelis
274 2575 301 2615 qui
312 2574 376 2614 singulis
386 2573 430 2607 rebus
440 2575 492 2606 creatis
503 2574 583 2614 praepositi
595 2578 633 2606 sunt.
649 2575 675 2612 lta,
687 2583 702 2614 p,
714 2578 739 2610 73:
752 2575 781 2608 “Es

95 2618 115 2650 ist
125 2616 160 2650 kein
170 2617 213 2656 Ding
224 2615 250 2648 auf
260 2615 286 2648 der
297 2616 344 2654 Welt,
355 2617 393 2648 auch
403 2616 444 2648 nicht
454 2617 479 2649 ein
489 2616 573 2654 Kr'aiutlein,
584 2613 621 2648 tiber
631 2616 695 2648 welches
706 2616 747 2648 nicht
757 2617 782 2648 ein

95 2659 142 2700 Engcl
152 2660 207 2701 gesetzt
217 2660 240 2691 ist.
247 2683 251 2691 .
257 2683 261 2691 .
267 2683 271 2691 .
277 2660 286 2670 '¹
