1633 3045
79 149 102 189 76
279 147 309 185 Da
320 146 449 184 Sincuronum
460 146 564 184 Hominum

79 277 99 319 in
106 287 224 335 unoquoque
232 287 277 318 casu
284 273 402 333 particulari,
410 273 537 333 permissione
542 272 582 315 Dei
590 306 594 314 .
603 306 607 315 .
616 284 696 315 ‚nocere
704 271 776 329 horni-v

79 349 136 394 nibus
144 348 230 408 possint’
241 345 352 406 respondet:
365 347 411 406 “per
420 362 441 390 se
450 349 502 406 ipsos
512 361 552 388 non
561 359 627 405 posse;
637 353 659 388 ut
668 344 766 402 colligitur

79 421 169 481 exemplo
177 418 226 478 Jobi‚
236 426 246 462 1
256 426 280 463 12
289 425 326 463 et2
335 421 353 471 6,
362 427 381 462 et
389 421 479 480 exemplo
487 418 561 471 Achab,
570 425 581 466 3
589 420 637 477 Reg.
646 424 670 461 22
680 423 711 469 22,
720 419 766 460 item

79 494 151 538 indicio
161 507 270 554 porcorum,
280 495 318 536 Mt.
330 499 342 536 8
354 494 414 541 39.''²⁷

118 575 211 621 Generali
225 576 260 620 illa
276 574 368 620 facultate
383 577 458 628 reiecta,
475 573 608 633 indagandum
624 574 686 618 adhuc
702 580 766 625 restat,

80 658 145 693 utrum
153 663 261 706 congruum
270 650 300 701 sit,
310 648 364 707 quod
373 650 428 693 Deus
438 648 583 708 deputationem
593 647 714 705 singulorum
724 647 767 690 dae·

80 737 161 766 monum
175 723 279 783 permittat,
295 723 323 766 ita
337 729 358 765 ut
372 723 450 766 nonnisi
465 722 626 774 IDENTIDEM,
642 722 682 765 sive
697 721 768 764 solum-

80 797 140 840 modo
152 797 173 838 in
184 796 243 839 certis
251 796 326 840 casibus
338 811 349 839 a
360 797 405 839 Deo
417 810 451 856 per
462 795 543 839 modurn
555 802 608 839 actus
619 795 723 854 permissis,
734 796 768 836 ho-

80 871 142 914 mines
153 868 231 913 infitiari
242 870 323 929 possint.
341 869 391 914 Tale
402 877 467 914 autem
478 869 600 929 suppositum
612 868 685 913 adhoc
696 867 768 912 reduci-

81 952 119 988 tur:
130 943 235 987 daemones
244 945 308 987 aDeo
317 945 454 1002 permittuntur
463 943 544 1001 singulis
552 943 663 988 hominibus
671 942 768 987 tentandis

82 1016 205 1076 singulariter
218 1031 292 1069 vacare,
308 1016 341 1060 sed
356 1024 378 1060 ut
392 1016 417 1060 de
431 1016 483 1061 tacto
499 1023 518 1060 et
532 1016 631 1060 actualiter
646 1022 726 1068 tentent,
741 1017 769 1059 in·

82 1089 150 1149 digent
166 1088 229 1133 adhuc
244 1090 355 1149 particulari
371 1091 466 1149 permissu
483 1090 555 1133 divino.
571 1090 639 1149 Atqui,
655 1091 693 1133 hoc
709 1088 769 1132 modo

82 1162 147 1207 evadit
158 1162 202 1206 talis
213 1161 313 1223 deputatio
325 1163 406 1205 omnino
418 1162 491 1206 inutilis
504 1177 526 1206 ac
538 1162 640 1222 superflua.
653 1162 769 1206 INUTlLlS

82 1236 167 1295 quidem,
181 1236 227 1295 quia
239 1250 279 1279 non
292 1243 372 1295 apparet
384 1234 434 1288 finis,
447 1242 516 1296 utpote
528 1235 612 1279 daemon
625 1236 682 1279 alicui
694 1236 769 1279 homini

40 1367 41 1370 Ἴ
82 1315 175 1369 perpetuo
187 1309 256 1351 ascitus
266 1309 302 1351 illo
312 1315 406 1368 ternpore,
417 1323 456 1369 quo
468 1309 561 1353 facultate
572 1309 671 1352 actualiter
682 1308 769 1352 tentandi

83 1389 140 1434 caret,
152 1382 249 1441 impotens
263 1388 282 1425 et
294 1381 356 1425 otiose
369 1397 380 1425 a
393 1389 448 1441 parte
461 1389 511 1426 stare
524 1381 607 1427 deberet.
621 1383 770 1427 SUPERFLUA

83 1461 154 1505 autem,
162 1454 208 1513 quia
216 1453 285 1497 adhoc
293 1454 345 1497 idem
353 1456 427 1514 optime
435 1455 504 1499 sufficit
512 1455 608 1513 generalis
616 1457 723 1515 permissio,
732 1471 770 1514 qua

83 1528 138 1571 Deus
151 1526 196 1570 sinit
209 1525 313 1571 daemones
326 1528 346 1570 in
359 1529 397 1571 hoc
409 1542 453 1572 aere
465 1530 537 1571 versari
550 1528 576 1572 ad
587 1529 675 1572 homines
690 1527 771 1572 subinde

83 1602 192 1654 tentandos,
209 1602 288 1661 quando
305 1608 324 1645 et
340 1600 439 1660 quomodo
456 1603 500 1645 Deo
517 1601 606 1660 placebit.
623 1601 771 1645 Advertendum

84 1678 136 1720 eninr
149 1683 183 1729 est,
196 1675 307 1728 daemones,
320 1689 359 1734 qua
372 1675 448 1734 spiritus
461 1676 511 1734 puri,
524 1681 612 1734 tempore
624 1690 664 1718 non
677 1674 771 1733 indigent,

84 1758 105 1794 ut
114 1750 189 1794 homini
200 1749 257 1792 alicui
266 1747 362 1792 accedant.
372 1750 396 1792 Et
405 1749 459 1807 quod
469 1747 565 1792 diabolica
574 1750 696 1808 impugnatio
707 1750 771 1809 potius

84 1822 170 1881 generali
179 1821 214 1865 illo
224 1821 284 1865 modo
293 1820 419 1880 concipienda
429 1823 459 1874 sit,
469 1836 528 1881 quarn
537 1836 572 1880 per
582 1821 691 1866 distinctam
701 1830 720 1866 et
729 1836 772 1881 par-

84 1896 184 1940 ticularem
197 1893 343 1953 deputationem
356 1893 474 1938 daemonum
487 1895 568 1952 singulis
580 1895 691 1940 hominibus
704 1897 772 1938 intime

85 1967 237 2019 adhaerentium,
250 1966 341 2010 suadetur
353 1981 377 2009 ex
389 1981 403 2009 s.
416 1968 513 2026 Scriptura
524 1966 558 2011 ubi
570 1967 639 2011 dicitur
651 1969 728 2028 spiritus
740 1983 772 2012 ne-

83 2058 144 2102 quam
160 2043 180 2085 ia
197 2039 233 2084 hoc
249 2057 293 2084 acce
310 2055 367 2100 super
383 2049 454 2084 terram
469 2043 547 2093 versari,
564 2057 640 2085 necnon
656 2042 710 2102 quod
727 2043 772 2086 “ad-

84 2114 179 2156 versarius
188 2119 251 2155 vester
261 2111 350 2157 diabolus
360 2120 459 2171 tamquam
469 2114 500 2156 leo
511 2115 588 2171 rugiens
598 2114 668 2167 circuit,
679 2105 773 2174 quaerens

85 2201 144 2247 quem
154 2184 245 2230 devoret'
261 2185 280 2246 (1
293 2188 343 2229 Patr.
356 2191 366 2232 5
378 2184 414 2246 8);
425 2187 501 2246 iterum,
512 2187 532 2229 in
543 2187 631 2231 oratione
640 2189 693 2232 iussu
703 2189 773 2231 Leonis

86 2262 150 2319 Papae
160 2260 209 2302 ΧΙΙΙ
220 2267 265 2317 post
276 2261 359 2302 Missam
370 2258 452 2303 dicenda
463 2267 551 2318 precatur
562 2262 580 2303 S.
593 2262 684 2313 Michael‚
696 2269 718 2304 ut
730 2263 773 2305 “Sa-

85 2340 151 2377 tanam
160 2333 247 2391 aliosque
255 2333 332 2391 spiritus
340 2333 443 2391 malignos,
452 2335 486 2393 qui
495 2333 520 2378 ad
528 2332 657 2393 perditionem
666 2336 773 2379 animarum

86 2413 216 2467 pervagantur
227 2407 248 2448 in
259 2405 345 2449 mundo'’
358 2407 379 2448 in
390 2406 490 2451 internum
501 2406 597 2451 detrudat.

126 2483 232 2535 SUAREZ,
242 2489 325 2534 econtra,
336 2488 440 2542 postquam
450 2482 533 2525 rationes
544 2497 568 2525 ex
578 2480 696 2526 daemonum
706 2482 774 2526 volun-

87 2565 127 2601 tate
139 2563 158 2600 et
170 2570 251 2599 numero
263 2557 338 2598 cursivo
351 2555 425 2598 calamo
438 2555 538 2607 recensuit,
552 2562 609 2614 atque
621 2557 671 2598 nihil
684 2571 708 2599 ex
720 2564 775 2615 parte

87 2653 149 2661 -α

128 2698 152 2728 27,
163 2693 226 2731 Tanner¹
237 2689 343 2732 Supplemeae.‚
355 2690 393 2731 disp.
405 2695 413 2727 3
424 2691 443 2724 de
452 2691 520 2732 Angelis,
531 2702 546 2724 n.
557 2693 576 2726 56
586 2701 612 2732 pp.
623 2696 694 2729 238-239.
