1633 3045
66 119 90 157 86
360 118 461 156 neruum<

65 243 109 283 illud
119 244 179 283 lacere.
197 244 214 281 A
224 244 270 283 bono
281 249 338 282 autern
348 243 432 283 abstinere
443 244 484 290 noli,
495 242 526 282 secl
536 242 564 281 fac
574 242 623 281 illud.
640 244 658 281 Si
668 243 715 280 enim
725 242 752 282 ab·

65 303 142 342 stinueris
154 316 164 341 a
176 302 227 351 bono,
240 308 256 340 et
268 315 304 341 non
315 301 333 341 id
346 302 411 350 leceris,
425 302 505 356 peccabis.
524 301 596 341 Abstine
608 301 660 353 igitur
671 300 693 341 ab
704 300 752 340 omni

66 356 116 402 malo,
130 363 146 394 et
158 357 199 394 scies
212 367 281 394 omnem
293 356 391 394 iustitiam.'’
410 358 504 409 Utramque
516 355 562 393 viam
573 357 632 394 Pastor
644 354 754 393 vividissimis

66 413 151 453 coloribus
159 412 237 460 delineat,
246 414 370 465 praesentando
378 414 496 467 inspirationes
504 420 521 451 et
528 414 612 451 motiones
620 414 656 451 sive
664 414 682 451 in
689 413 754 452 bonum

66 473 102 510 sive
117 472 136 509 in
151 471 221 517 malum,
238 484 273 509 non
289 477 376 523 tamquam
392 472 435 525 quid
451 470 552 509 accidentale
569 478 586 509 et
602 469 707 519 abstractum,
724 469 754 509 sed

66 529 139 581 praecise
151 542 181 567 ceu
192 529 260 580 spiritus
272 528 324 567 reales
336 536 353 567 et
364 530 460 582 personales
470 534 565 567 constanter
576 529 643 567 homini
654 527 754 573 adiacentes,

67 585 119 625 modo
130 585 205 640 quodam
216 586 267 625 simili
278 599 297 625 ac
307 585 349 625 lacit
359 593 417 639 postea
428 588 446 625 in
456 587 496 625 Sim.
508 592 524 632 9,
537 591 564 632 15,
576 585 611 631 ubi,
622 592 708 639 tamquam
718 599 754 624 mu-

67 644 116 682 lieres
126 644 200 694 virgines
211 644 285 681 vestibus
297 643 340 682 albis
351 644 425 690 inclutae,
437 643 553 682 describuntur
563 644 633 681 virtutes
644 643 704 689 bonae,
715 643 754 688 via,

68 700 133 747 “Fides
146 700 259 746 Abstinentia,
271 702 351 747 Potestas,
363 702 450 740 Patientia,
458 730 461 739 .
470 730 473 739 .
481 700 587 753 Simplicitas,
599 701 703 746 innocentia,
716 702 755 739 Cas·

66 760 109 805 titas,
123 759 210 805 Hilaritas,
223 759 295 806 Veritas,
311 759 430 811 Intelligentia‚
445 758 544 805 Concordia,
559 757 671 805 Caritass’et
683 758 753 797 virtutes

67 825 128 864 pravae
148 811 236 857 “Perfidia
257 813 394 864 Intemperantia,
414 811 529 857 Incredulitas,
548 812 754 863 Voluptas..iTristitia,

68 869 140 916 Malitia,
153 869 220 916 Libido,
232 869 325 916 Iracundia,
338 869 453 915 Mendacium,
466 869 544 916 Stultitia,
556 869 628 915 inflatio,
641 868 723 908 Odium.'’
736 870 756 908 Et

68 927 106 966 talis
116 927 241 979 personificatio
250 928 333 966 virtutum
343 934 360 966 et
369 928 450 966 vitiorum
460 928 521 965 centies
532 933 548 965 et
558 927 597 979 plus
607 938 637 979 per
647 933 702 965 totum
713 939 756 979 opus

68 984 166 1025 adhibetur!

110 1054 236 1093 PROBATUR
254 1054 408 1095 ARGUMENTO
425 1054 663 1103 INTRINSECO.-Quod
680 1053 718 1092 talis
735 1054 756 1093 sit

68 1117 113 1150 recta
128 1111 244 1164 interpretatio
260 1118 320 1157 textus,
337 1111 430 1150 fortissime
446 1112 501 1162 arguit
516 1113 602 1149 internum
618 1124 689 1149 examen
704 1112 756 1149 totius

69 1168 113 1215 libri,
123 1182 144 1207 ex
153 1170 200 1207 cuius
209 1174 272 1207 attenta
281 1176 297 1208 et
306 1169 419 1221 comparativa
428 1169 530 1221 perlectione
540 1168 615 1207 doctrina
624 1168 646 1207 de
656 1168 719 1221 duplici
728 1169 756 1206 via

69 1228 156 1275 tamquam
168 1227 287 1273 argumentum
298 1222 371 1261 centrale
383 1222 497 1275 liquidissimo
509 1221 567 1261 elucet.
587 1223 626 1261 Hoc
638 1229 757 1274 argumentum

70 1292 105 1317 non
113 1287 152 1331 eget
160 1279 308 1326 demonstratione,
318 1278 348 1317 sed
356 1292 402 1318 mera
411 1280 527 1326 declaratione,
537 1293 580 1333 quae
588 1279 659 1332 quidem
667 1280 696 1319 liet
705 1279 757 1319 reler-

70 1336 115 1376 endo
125 1338 144 1375 in
154 1344 257 1376 antecessum
266 1338 352 1387 integrum
361 1344 411 1389 caput
421 1337 518 1386 secundum,
529 1338 547 1375 in
557 1352 591 1390 quo
600 1338 652 1376 verba
662 1337 708 1376 “duo
718 1343 757 1376 sunt

68 1395 124 1446 angeli
135 1408 174 1435 cum
184 1395 264 1434 homine'’
276 1394 364 1442 habentur,
377 1401 394 1434 et
404 1395 518 1448 supponendo
529 1396 617 1434 innumera
628 1395 661 1434 alia
671 1395 713 1442 loca,
725 1396 755 1436 ubi

71 1447 142 1486 decursu
155 1447 194 1486 libri
208 1450 267 1485 Pastor
281 1448 302 1485 de
316 1448 376 1485 eadem
390 1461 413 1493 re,
428 1455 445 1486 et
458 1447 528 1500 quidem
542 1449 590 1501 quasi
604 1448 682 1487 identicis
695 1448 756 1494 verbis,

70 1505 141 1552 disserit,
153 1505 195 1558 quin
207 1511 262 1543 autern
274 1505 353 1557 spirltum
364 1505 426 1544 realem
437 1511 454 1545 et
464 1506 571 1557 personalem
582 1506 663 1545 intendat.

112 1563 158 1602 Ante
168 1564 225 1602 omnia
236 1563 329 1602 notandum
341 1570 366 1602 est
375 1562 428 1616 quod,
439 1564 477 1601 loco
486 1564 533 1602 vocis
544 1564 627 1615 “angeli”
639 1565 658 1602 in
667 1564 705 1603 aliis
714 1566 757 1603 Mss

69 1619 110 1658 alibi
121 1621 183 1671 legitur
195 1621 282 1670 “genius,’¹
295 1620 335 1659 alibi
349 1622 445 1667 '‘nuntius’'
457 1621 513 1666 verba,
525 1632 591 1673 nempe,
604 1634 647 1673 quae
658 1623 676 1659 in
687 1623 756 1673 antiqua

70 1671 165 1719 traditione,
177 1672 275 1725 praesertim
285 1673 428 1722 non-Christiana,
440 1673 506 1725 saepius
516 1685 548 1726 pro
558 1675 616 1713 animo
626 1673 701 1713 hominis
711 1673 758 1714 bono

70 1730 98 1769 vel
107 1731 153 1770 malo
162 1731 290 1782 usurpabantun
306 1731 375 1777 Deinde
385 1730 510 1770 observandum
520 1737 549 1777 est,
560 1731 647 1786 quomodo
656 1733 700 1770 inter
710 1732 757 1785 spiri-

70 1795 107 1826 tum
118 1788 184 1827 bonurn
194 1794 211 1827 et
222 1788 291 1834 malurn,
304 1790 348 1826 inter
359 1790 447 1841 utriusque
458 1795 535 1827 naturam
546 1795 563 1827 et
574 1801 629 1841 opera,
642 1790 685 1828 sicut
696 1789 714 1827 in
725 1791 758 1827 hoc
782 1824 784 1826 .

70 1859 83 1885 c.
96 1851 112 1893 2,
123 1849 172 1885 Man.
185 1847 201 1892 6,
213 1852 230 1884 et
240 1845 259 1883 in
270 1846 307 1884 aliis
319 1846 360 1884 locis
372 1845 481 1885 omnimodus
493 1846 615 1899 parallelismus
627 1852 705 1886 servetur.
724 1847 758 1886 Hic

71 1905 120 1942 enixe
130 1910 199 1957 apparet
209 1917 245 1942 non
255 1903 332 1943 obstante
342 1905 437 1942 insistentia
446 1905 465 1942 in
475 1904 584 1957 sequentibus
594 1916 644 1956 super
656 1902 757 1955 “angelum''

70 1961 135 1999 malurn
150 1961 189 2000 ideo
203 1961 263 2013 posita,
280 1961 320 2015 quia
334 1961 434 2013 disceptatio
448 1961 491 2000 circa
505 1960 555 1999 illum
570 1963 663 2014 specialiter
677 1969 757 2001 versatur.

70 2020 154 2057 Doctrina
162 2019 209 2056 enim
217 2019 299 2057 catholica
307 2025 337 2064 est,
346 2019 435 2057 hominem
443 2018 505 2057 habere
514 2019 595 2069 angelum
603 2019 668 2057 bonum
677 2020 696 2056 in
705 2027 758 2058 custo-

71 2077 117 2114 diam
127 2083 144 2114 et
153 2075 200 2115 forse
209 2076 310 2127 posteriores
321 2077 409 2127 scriptores
419 2082 488 2127 propter
498 2077 542 2113 hanc
553 2076 635 2113 rationem
644 2071 695 2114 verba
706 2078 758 2115 “Duo

71 2140 110 2172 sunt
120 2133 176 2185 angeli
187 2146 226 2171 curn
234 2133 313 2179 homine;
324 2146 368 2172 unus
378 2134 456 2179 iustitiae,
467 2139 484 2171 et
494 2146 538 2171 unus
549 2132 644 2186 nequitiae''
655 2141 690 2172 tam
700 2134 757 2173 incon-

71 2190 116 2230 sulto
123 2196 203 2230 contextu
210 2190 296 2242 duplicem
304 2191 384 2241 angelum
391 2190 497 2243 personalem
505 2190 629 2229 intellexerunt.

113 2259 204 2297 TEXTUS
213 2259 260 2297 IPSE
269 2260 311 2297 SUB
321 2260 407 2297 lUDICE.
414 2260 527 2309 —Legamus
536 2259 621 2310 integrum
630 2272 643 2298 c.
654 2265 669 2306 2,
679 2262 727 2299 Man.
738 2261 749 2297 6
752 2272 758 2297 :

72 2316 131 2355 uAudi
143 2330 193 2362 nunc,
205 2317 266 2370 inquit,
279 2316 354 2370 primum
366 2316 387 2355 de
399 2316 438 2355 fide.
456 2318 498 2355 Duo
510 2323 549 2355 sunt
561 2316 617 2369 angeli
629 2331 668 2355 cunr
679 2318 757 2357 homine:

71 2388 116 2414 unus
126 2376 204 2420 iustitiae,
216 2382 232 2413 et
242 2388 286 2413 unus
297 2376 387 2427 nequitiae.
405 2376 426 2413 Et
437 2387 469 2425 ego
480 2375 516 2413 dixi
527 2375 560 2413 illi:
573 2376 671 2424 Quomodo,
684 2376 757 2422 domine,

72 2433 114 2471 scire
128 2438 192 2485 potero,
208 2432 255 2485 quod
270 2432 304 2471 duo
319 2439 358 2471 sunt
373 2432 429 2483 angeli
443 2445 482 2471 cum
495 2432 578 2470 homine?
599 2432 651 2479 Audi,
666 2433 727 2487 inquit,
742 2440 759 2472 et

73 2490 166 2542 intellige.”
185 2491 244 2528 Statim
255 2491 287 2529 DE
299 2491 368 2530 BONO
380 2490 486 2530 ANGELO:
502 2489 587 2528 ‘'iustitiae
599 2491 668 2541 angelus
680 2491 722 2530 levis
735 2497 760 2531 est

72 2554 89 2587 et
98 2547 207 2593 verecundus,
216 2554 313 2586 mansuetus
322 2553 339 2586 et
348 2548 419 2600 quietus,
436 2548 480 2586 Cum
489 2560 530 2599 ergo
539 2548 558 2585 in
566 2561 595 2587 cor
603 2554 652 2587 tuum
661 2548 758 2595 ascenderit,

72 2607 154 2646 continuo
162 2606 236 2658 loquitur
243 2611 300 2644 tecum
308 2604 329 2643 de
336 2605 404 2651 iustitia,
414 2604 435 2643 de
442 2604 529 2658 pudicitia,
538 2605 559 2643 de
567 2605 645 2654 castitate,
653 2607 675 2645 de
681 2606 759 2659 benigni-

73 2670 111 2711 nte,
124 2663 145 2703 de
155 2663 210 2709 venia,
223 2661 321 2702 decantate
333 2669 350 2702 et
361 2663 382 2702 de
393 2663 459 2715 pietate,
474 2664 525 2702 Haec
536 2664 594 2701 omnia
605 2676 643 2702 cum
655 2664 760 2704 ascenderint
