1657 3045
279 141 380 178 Dinnoun
393 141 535 178 transcurrens
729 142 751 178 73

64 269 124 314 talem
138 268 284 329 deputationem
299 282 311 311 a
324 265 419 320 Lucifero,
434 268 520 329 principe
535 265 688 329 daemoniorum,
704 263 751 308 fieri.

103 342 126 403 2)
142 344 212 386 Deum
224 345 286 386 Posse
298 342 424 394 Permittere,
436 350 458 385 ut
469 357 480 385 a
492 339 589 393 Lucifero,
602 339 695 383 satellites
708 352 753 380 suos

63 419 84 460 in
96 418 137 461 acie
148 416 173 460 ad
184 415 311 460 debellandos
323 416 412 458 homines
423 416 535 467 instruente,
548 414 630 473 singulis
641 411 752 456 hominibus

39 517 41 520 .
64 490 148 534 daemon
164 492 254 550 proprius
270 491 395 549 impugnatos
412 491 524 547 assignetur,
542 488 630 533 absolute
646 484 752 547 loquendo,

64 565 138 608 nemini
151 563 233 609 dubium
246 572 280 608 est.
293 565 338 608 Hoc
350 562 411 608 modo
425 562 514 608 diabolus
528 562 597 607 dicitur
610 561 703 606 facultate
715 561 752 621 pri-

63 644 128 686 vativa
139 656 173 686 seu
182 643 273 700 negativa
283 642 363 701 pollere,
375 656 414 700 qua
424 655 495 701 nempe
505 643 525 684 in
536 656 571 685 sua
581 641 681 684 voluntate
691 639 753 684 libera

64 719 136 765 dictam
146 719 293 780 deputationem
304 718 367 763 lacere
378 719 493 779 relinquitur
503 734 537 779 per
547 720 585 763 hoc
596 719 665 771 solum,
677 716 753 778 quoda

64 800 109 842 Deo
121 813 162 841 non
173 798 284 857 impeditur,
297 798 331 841 sed
342 799 411 841 sinitur
423 812 485 856 agere,
498 797 551 856 quod
563 798 611 841 alias
623 805 686 856 potest
698 795 753 840 abso-

65 876 111 928 lute,
124 878 199 919 etiamsi
210 890 251 919 non
262 877 324 935 possit
336 875 393 919 licite.
412 877 445 918 Est
456 888 503 933 ergo
515 874 584 918 eadem
595 875 682 934 quaestio
695 889 716 918 ac
728 872 753 916 de

65 955 191 1013 permissione
204 952 270 996 divina
283 952 384 997 cuiuslibet
397 952 445 996 mali
458 951 544 996 moralis.
557 951 705 995 Advertendum
718 959 752 1003 est,

64 1031 96 1074 vel
110 1031 206 1075 malitiam
220 1029 324 1074 formalem
338 1029 472 1091 providentiae
486 1030 525 1073 Dei
540 1028 642 1082 subiacere,
658 1029 753 1089 siquidem

66 1116 165 1167 tamquam
178 1107 273 1151 obiectum
286 1109 335 1151 circa
347 1107 401 1168 qaod
412 1115 503 1166 operatur
515 1107 581 1151 divina
592 1108 689 1159 voluntas,
701 1106 754 1150 haud

65 1199 111 1229 vero
125 1192 147 1229 ut
161 1184 256 1229 obiectam
271 1182 330 1247 qaod.
350 1186 406 1229 Deus
419 1187 471 1229 enim
484 1192 575 1246 operatur
587 1185 637 1229 circa
650 1186 700 1229 hanc
714 1198 755 1228 rem

66 1262 196 1323 permittendo
211 1271 230 1307 et
243 1264 357 1323 permissam
372 1263 397 1308 ad
411 1263 485 1308 bonum
500 1263 559 1307 finem
573 1262 692 1316 ordinando;
707 1264 754 1307 haec

67 1347 95 1383 est
108 1340 205 1384 ordinatio
219 1348 303 1393 externa,
317 1356 356 1401 qua
368 1342 442 1385 malum
456 1342 572 1402 permissum
585 1341 607 1385 fit
620 1341 707 1385 medium
721 1355 755 1384 seu

67 1418 168 1477 dispositio
182 1418 208 1462 ad
220 1418 300 1463 bonurn.
314 1419 386 1475 Quoad
399 1428 520 1480 praesentem
533 1433 604 1471 casum,
617 1421 673 1463 Deus
686 1418 755 1463 dicitur

66 1496 117 1540 velle
133 1497 250 1557 permittere,
267 1512 300 1541 seu
316 1497 370 1541 nolle
381 1488 486 1558 impedire,
503 1499 606 1558 quominus
622 1497 727 1542 daemones
744 1512 755 1541 a

66 1575 129 1634 capite
143 1575 230 1633 ipsorum
245 1571 333 1633 deputati
348 1572 429 1630 singulis
443 1571 555 1617 hominibus
569 1571 707 1632 oppugnandis
723 1571 755 1615 ad.

53 1638 55 1642 Α
66 1652 164 1704 haereant,
175 1649 235 1694 modo
247 1651 302 1693 sicuti
313 1651 403 1694 Satanarn
415 1650 458 1693 sivit
469 1650 505 1708 Job
517 1651 615 1703 lacessere,
627 1649 701 1695 diaboli
711 1663 755 1710 pro-

66 1730 152 1788 positum
162 1729 253 1771 novicum
263 1742 303 1771 non
314 1723 447 1787 approbando,
459 1742 526 1771 verum
536 1729 595 1772 etiam
605 1727 717 1772 hominibus
727 1742 755 1771 re·

67 1805 147 1849 sistendi
156 1804 221 1872 media
231 1804 349 1857 sufficientia,
360 1806 410 1848 inter
419 1819 470 1864 quae
479 1812 508 1848 est
517 1812 537 1849 et
546 1804 627 1864 angelus
637 1812 700 1848 custos
710 1820 755 1848 enu-

67 1883 177 1934 merandus,
193 1883 276 1942 positive
293 1881 412 1925 conferendo
429 1882 454 1926 ad
470 1883 561 1926 meritum
577 1882 693 1942 locupletius
709 1897 755 1926 nan-

68 1959 183 2004 ciscendum

107 2044 179 2086 iamin
190 2049 308 2087 antecessum
319 2050 348 2086 est
358 2042 426 2087 sedulo
437 2043 551 2097 notandum,
562 2046 696 2104 quaestionem
706 2047 756 2089 hanc

68 2120 93 2164 de
106 2120 172 2164 divina
185 2122 311 2182 permissione
324 2120 433 2164 istiusmodi
446 2121 577 2181 deputationis
591 2123 640 2166 circa
653 2123 756 2183 positivam

67 2198 107 2241 Dei
114 2198 235 2242 voluntatem
241 2199 319 2250 versari,
327 2213 377 2257 quae
385 2189 450 2243 autem
457 2201 535 2244 nonnisi
542 2202 689 2260 praesupposita
696 2202 757 2261 ipsius

68 2274 94 2319 ad
101 2290 137 2319 nos
145 2274 309 2331 manifestatione,
318 2277 343 2320 te
351 2311 361 2329 .,
371 2292 395 2321 erc
404 2276 491 2322 lontibus
500 2278 629 2331 revelationis,
638 2279 757 2322 innotescere

68 2361 138 2413 potest.
146 2355 197 2397 Csun
205 2369 251 2398 vero
260 2354 336 2414 penitus
344 2354 393 2397 nihil
402 2355 422 2398 in
432 2370 446 2399 s.
455 2357 579 2415 Scripturaet
587 2356 691 2400 traditione
699 2355 756 2401 habe-

69 2438 117 2485 atur,
128 2447 152 2476 ex
162 2438 230 2476 neutra
241 2439 295 2493 parte
306 2430 371 2476 afferri
381 2441 462 2492 possunt
474 2441 587 2492 argumenta
599 2433 712 2495 apodictica.
723 2436 756 2479 Su·

68 2518 132 2569 petest
143 2525 188 2568 ergo
200 2512 283 2554 rationes
294 2513 431 2569 congruentiae
442 2528 467 2555 ex
477 2528 516 2555 una
527 2512 611 2556 alterave
621 2522 676 2573 parte
687 2514 756 2558 allatas

69 2587 94 2631 ad
104 2589 196 2631 trutinam
206 2603 300 2632 revocare.

108 2664 167 2722 Quod
180 2666 235 2710 Deus
247 2666 334 2725 singulos
347 2665 451 2712 daemones
463 2668 545 2727 singulis
556 2668 669 2714 hominibus
681 2670 756 2730 impug-
