1633 3045
56 133 79 167 70
256 126 286 164 Du
297 126 425 164 Srucuuoxuu
438 125 540 163 Homuuu

55 255 117 298 mines
127 254 201 297 malurn
212 252 280 312 culpae
292 259 319 295 est
331 267 354 296 ex
365 259 419 312 parte
430 253 516 312 ipsorum
528 247 651 302 daemonum,
663 251 709 310 quia
719 264 743 292 ex

56 342 116 387 prava
127 343 193 371 eorum
205 327 305 370 voluntate
317 342 361 369 cum
372 326 425 370 mala
437 327 544 369 intentione
556 323 648 384 procedit,
667 326 695 367 Ex
706 324 743 367 hac

57 410 112 461 parte
124 403 182 459 igitur
194 400 285 443 voluntas
297 401 337 442 Dei
350 414 391 443 non
404 407 468 460 potest
481 398 527 442 terri
540 399 560 440 in
573 400 629 442 istam
642 399 743 458 impugna-

56 477 129 519 tionem
140 483 240 534 tamquam
250 473 353 527 obiectum,
364 475 396 517 vel
408 473 534 534 approbando
545 473 577 516 vei
589 472 700 531 simpliciter
711 487 744 515 vo-

57 550 115 594 lendo
126 565 168 593 eam
177 547 212 592 rub
223 547 257 592 illa
267 549 341 592 ratione
351 548 435 607 turmali.
446 547 483 592 Sed
493 554 556 609 potest
565 547 609 600 dici,
618 548 685 590 Deum
694 547 743 607 posi·

57 625 96 667 tive
110 622 319 678 ordinaredaemones
333 625 478 684 impugnatores
493 622 527 667 sub
542 622 617 666 ratione
631 619 710 665 formali
725 627 744 664 et

58 698 154 740 exclusiva
166 694 266 739 exea-cendi
277 694 367 739 homines
378 698 398 739 in
411 696 491 739 uirtute?
503 695 542 739 Sub
553 696 590 738 hoc
603 695 654 737 enim
666 702 744 754 aspectu

57 772 112 813 Deus
127 771 265 813 hominum-in
280 772 349 814 merito
365 769 475 829 profectum
491 769 604 822 intenderet,
621 771 745 828 quantumvis

58 844 147 888 diabolus
154 858 190 903 pro
199 858 234 886 sua
241 851 296 903 parte
303 845 382 886 nonnisi
389 844 530 895 detrimentum,
539 845 579 886 imo
588 850 608 887 et
615 842 744 901 perditionem

57 918 160 961 hominum
171 924 282 977 aucupetur.
293 918 336 971 Ast,
347 919 396 961 circa
406 918 444 961 hoc
455 917 507 977 apud
516 917 621 976 theologos
632 931 672 959 non
684 916 744 960 omni-

58 991 117 1035 moda
128 991 209 1035 claritas
676 1003 677 1006 ’

97 1076 150 1118 Ante
160 1075 231 1127 omnia,
241 1074 345 1118 daemones
355 1082 441 1135 possunt,
453 1075 509 1118 etiarn
520 1074 555 1118 suh
565 1074 618 1118 iussu
628 1074 672 1127 Dei,
683 1075 745 1117 homi·

60 1148 115 1192 nibus
123 1149 211 1207 infligere
220 1148 271 1192 arula
279 1147 357 1208 physica
366 1150 406 1192 sive
414 1151 435 1192 in
444 1151 566 1209 punitionem
574 1156 696 1209 peccatorum
706 1150 746 1191 sive

60 1222 79 1262 in
90 1223 201 1264 exercitium
212 1223 292 1263 virtutis.
311 1224 412 1276 Quantum
422 1236 468 1264 vero
479 1223 505 1265 ad
515 1221 567 1265 mula
578 1221 660 1263 moralia
674 1222 745 1281 (tenta-

60 1293 132 1353 tiones)
152 1310 163 1336 a
178 1293 304 1337 daemonibus
318 1294 379 1346 illata,
394 1295 521 1337 communiter
536 1293 610 1346 dicitur,
625 1295 691 1336 Deum
705 1309 746 1336 sese

59 1373 134 1409 tantum
141 1367 258 1426 permissive,
266 1366 350 1427 ideoque
357 1369 452 1425 negative,
460 1382 500 1410 non
508 1368 596 1427 positive,
604 1366 680 1411 habere.
689 1369 746 1411 Estne

60 1454 106 1497 ergo
116 1439 209 1498 possibile
219 1441 278 1483 talem
288 1439 410 1484 daemonum·
417 1441 563 1500 deputationem
573 1457 616 1485 cum
627 1441 693 1485 divina
703 1456 746 1500 pro-

59 1512 145 1556 videntia
154 1525 275 1571 componere,
285 1521 380 1572 quatenus
390 1516 483 1557 amatitia
493 1515 572 1557 forman·
582 1517 622 1558 eius
632 1514 746 1574 praescindi-

61 1593 97 1639 tur,
113 1594 131 1630 et
146 1594 222 1630 tantum
236 1586 299 1631 bonus
313 1587 358 1631 finis
372 1588 473 1632 exercendi
487 1589 582 1642 homines,
597 1590 636 1632 Dei
651 1589 747 1633 voluntati

60 1661 142 1718 positive
155 1659 252 1702 ordinanti
266 1660 368 1719 praefixus,
382 1660 523 1705 consideratur?
536 1663 635 1720 Negative
647 1661 747 1721 respondit

60 1734 202 1783 CUYCHIUS,
216 1732 307 1776 dicens:21
322 1735 354 1777 “Si
367 1748 413 1777 vero
428 1736 486 1778 etiam
499 1736 555 1777 Deus
567 1736 642 1778 malum
656 1736 748 1794 angelum

60 1809 116 1852 nobis
124 1808 234 1867 deputasset
242 1810 263 1850 in
272 1809 388 1858 exercitium,
397 1807 494 1850 videretur
503 1807 590 1867 profecto
600 1810 672 1867 peccati
682 1816 747 1852 auctor

61 1897 107 1934 esse,
121 1882 212 1924 nimirum
225 1882 289 1940 ipsum
302 1881 375 1940 peccati
390 1888 493 1932 auctorem,
508 1881 603 1934 fomitem,
617 1883 657 1925 sive
670 1896 748 1925 causam

61 1955 117 1999 nobis
131 1955 294 1999 subministransf'
308 1956 397 1997 Resiliret
411 1969 458 2012 ergo
471 1956 491 1997 in
504 1956 587 2013 primam
600 1955 747 2014 possibilitatem

61 2043 119 2087 supra
128 2026 226 2072 'reiectam
239 2030 327 2079 Econtra,
340 2028 432 2080 ESTIUS,
446 2030 479 2087 qui
491 2030 533 2088 ipse
545 2030 633 2088 opinioni
646 2031 747 2088 negativae

61 2106 197 2163 patrocinatur,
208 2112 274 2147 contra
285 2104 336 2147 istud
348 2113 483 2161 argumentum
494 2105 588 2157 observat,
601 2106 654 2165 quod
664 2114 747 2150 tantum-

61 2181 120 2225 modo
130 2180 199 2241 probat
209 2180 313 2225 daemones
322 2197 363 2225 non
372 2181 443 2227 habere
453 2198 464 2225 a
473 2183 518 2226 Deo
527 2182 641 2227 mandatum
652 2184 676 2228 ad
686 2185 748 2227 homi-

61 2274 95 2302 nes
106 2258 215 2310 tentandos,
227 2260 306 2302 minime
317 2274 363 2302 vero
375 2258 479 2303 daemones
491 2276 531 2303 non
543 2260 631 2319 deputari
643 2277 654 2305 a
665 2263 710 2305 Deo
723 2262 748 2306 ad

61 2338 145 2380 hominis
155 2337 287 2380 exercitium.22
297 2338 357 2389 Nam,
367 2338 435 2395 arguit,
446 2337 485 2381 tale
495 2339 611 2390 exercitium,
621 2353 665 2382 cum
674 2339 748 2384 bonum

63 2415 86 2456 sit
97 2422 154 2473 atque
164 2413 240 2456 nuliam
250 2414 297 2456 mali
308 2416 402 2457 rationem
412 2417 433 2457 in
444 2430 464 2458 se
474 2414 550 2467 habeat,
562 2417 639 2474 proprie
650 2417 701 2461 cadit
713 2416 748 2461 sub

62 2492 136 2534 ratione
147 2490 224 2534 divinae
235 2487 373 2549 providentiae,
386 2491 433 2535 dum
444 2500 521 2536 econtra
533 2494 620 2545 tentati0,
632 2509 676 2537 cum
688 2495 713 2538 sit
724 2494 749 2539 ad
792 2516 794 2518 ·

104 2638 127 2666 21.
138 2633 209 2666 [innotui.
225 2632 262 2673 (PL.
276 2636 295 2667 50
309 2633 354 2674 323).

104 2680 128 2708 22.
138 2677 192 2714 Euius,
201 2679 211 2706 2
219 2676 263 2713 Seru,
273 2673 287 2707 d.
297 2680 314 2707 11
324 2685 355 2716 par.
364 2676 381 2714 4;
391 2678 397 2707 Ι
407 2681 453 2709 101.,’
