1657 3045
264 123 365 160 Dnamorm
379 124 520 160 rusucumona
715 124 736 159 15

51 271 74 301 ex
85 267 124 315 quo
136 252 259 312 consequitur
270 265 316 296 eum
327 249 406 311 plenam
418 249 470 311 apud
482 265 549 295 omnes
561 247 621 294 fidem
631 247 685 292 haud
696 261 737 292 esse

51 327 152 388 adeptum;
165 338 224 385 porro
237 325 255 369 S.
268 326 399 381 Hieronymus
413 331 473 377 notat,
487 325 586 384 hocopus
600 321 654 383 apud
666 321 737 365 latinos

51 400 112 446 ferme
120 399 210 457 ignotum
219 396 284 441 luisse.
294 398 369 441 Mirum
377 397 436 455 igitur
445 412 485 441 non
495 405 529 450 est,
538 396 592 457 quod
601 393 737 440 tantummodo

19 474 21 476 ’
51 471 103 534 apud
112 470 223 517 Orientales
233 471 363 523 inveniuntur,
374 470 408 531 qui
418 470 501 515 Pastoris
512 470 620 516 doctrinam
631 469 655 514 de
666 467 737 528 angelo

46 546 103 593 ¹malo
116 545 197 604 singulis
209 542 320 589 hominibus
333 552 409 605 praeter
422 544 513 604 angelum
526 543 626 589 custodem
640 544 737 603 assignato

52 619 147 665 subsecuti
159 625 209 662 sunt.

90 701 213 744 UTlLITAS
224 700 308 744 Pastoris
319 702 351 745 IN
362 702 395 743 RE
406 701 518 753 MORALI,
531 699 626 759 quidquid
638 701 663 743 sit
673 698 698 743 de
710 700 737 742 in·

52 774 97 818 dole
107 773 205 825 litteraria,
215 774 288 816 sincera
297 772 355 816 laude
364 771 485 816 admittenda
493 780 527 816 est.
538 772 601 816 Modo
611 774 662 816 enim
672 772 738 816 admo·

53 846 100 891 dnm
114 845 186 889 efficaci
200 846 293 906 proponit
308 852 366 905 atque
380 845 463 890 inculcat
478 844 604 889 conformiter
619 845 644 889 ad
659 859 738 905 scopum

53 934 109 963 suum
124 918 251 979 principalem
266 932 378 962 communes
392 933 470 962 normas
486 919 578 978 practicas
594 918 620 962 ad
635 918 738 961 christiano

52 1007 106 1036 more
116 991 227 1044 vivendum,
237 998 332 1053 quantum
342 1006 412 1053 nempe
423 991 448 1036 ad
458 992 604 1053 poenitentiam,
614 991 738 1053 baptismum,

53 1065 204 1117 matrimonium,
218 1079 278 1125 opera
291 1065 374 1109 caritatis
388 1073 423 1109 etc.
437 1065 509 1122 Quoad
524 1072 588 1109 autem
601 1067 658 1109 REM
671 1066 739 1109 DOG·

53 1142 190 1194 MATICAM,
208 1141 301 1186 iudicium
317 1142 460 1202 aliquantulum
477 1149 595 1188 reservatum
612 1141 659 1186 ferri
676 1142 739 1187 debet.

53 1219 161 1272 Enimvero,
173 1219 221 1262 sicut
231 1220 271 1262 iam
281 1225 370 1264 notatum
381 1227 415 1272 est,
426 1222 477 1263 inter
487 1221 597 1280 apocrypha
607 1219 678 1263 relatus
690 1226 718 1262 est
729 1234 740 1261 a

20 1294 21 1298 ’
54 1298 106 1357 Papa
119 1296 199 1341 Gelasio
212 1298 233 1341 in
246 1297 328 1342 concilio
341 1305 366 1344 70
380 1300 515 1359 episcoporum
528 1307 553 1352 et,
567 1297 591 1342 de
604 1305 685 1351 caetero,
699 1298 740 1341 uni-

53 1374 152 1417 versaliter
160 1375 181 1417 in
189 1376 251 1434 prisca
259 1376 342 1419 Ecclesia
351 1383 373 1419 ut
381 1376 430 1420 liber
438 1377 541 1420 canonicus
550 1377 630 1419 reiectus
639 1384 673 1420 est.
682 1376 741 1418 licce-

55 1448 83 1494 dit
93 1451 143 1494 ratio
153 1451 255 1496 intrinseca
267 1468 290 1496 ex
301 1467 331 1505 eo,
342 1452 395 1513 quod
406 1452 464 1497 valde
475 1461 503 1497 est
514 1452 634 1512 allegoricus,
646 1460 741 1513 quatenus

55 1526 162 1570 doctrinam
176 1542 231 1571 suam
244 1529 310 1572 multis
324 1529 421 1589 parabolis
435 1546 479 1573 cum
492 1530 598 1575 visionibus
612 1538 632 1573 et
644 1528 740 1573 mandatis

54 1602 148 1647 intextam
156 1603 181 1648 ab
190 1605 260 1663 angelo
269 1606 290 1647 in
299 1604 363 1649 forma
371 1608 453 1665 pastoris
462 1614 567 1666 apparente
575 1606 667 1649 collatam
676 1605 740 1649 refert.

55 1681 78 1722 ln
87 1695 158 1738 genere
168 1697 214 1740 ergo
225 1681 329 1726 dicendum
338 1683 421 1737 videtur,
432 1685 483 1728 hunc
493 1684 570 1738 librum,
582 1692 676 1743 quantum
687 1698 710 1726 ex
721 1699 741 1726 se

55 1763 89 1810 est,
99 1772 139 1802 non
149 1773 243 1817 magnum
253 1759 310 1806 affert
320 1769 456 1820 argumentum
465 1760 602 1820 dogmaticum,
614 1762 650 1806 nisi
660 1762 741 1821 inquan-

55 1841 96 1877 tum
107 1851 118 1878 a
127 1835 215 1880 Patribus
224 1838 319 1882 Ecclesiae
327 1838 456 1883 confirmetur.

94 1914 227 1969 QUAESTIO
237 1913 333 1956 AUTEM
343 1913 469 1957 SPECIALIS
479 1912 504 1956 de
513 1914 551 1956 isto
560 1919 615 1956 textu
625 1914 683 1956 citato
693 1913 743 1956 circa

55 1990 118 2048 prima
126 1988 186 2034 verba
194 1996 286 2041 versatur,
297 1981 346 2048 quae
356 1990 383 2032 ita
393 1997 469 2033 sonant:
482 1989 548 2034 “Audi
558 2004 615 2042 nunc,
626 1991 694 2049 inquit,
705 1990 742 2050 pri-

2 2090 3 2093 =
55 2080 110 2109 mum
119 2067 156 2109 DE
166 2067 244 2109 FIDE?
261 2068 300 2109 Res
310 2067 362 2109 enim
371 2080 449 2126 prorsus
459 2067 560 2126 inopinata
570 2074 604 2119 est,
616 2067 669 2127 quod
680 2068 742 2111 ΕΛΖ-

55 2143 168 2196 anan,
179 2145 240 2187 nimio
252 2143 329 2187 fervore
340 2145 360 2187 in
372 2145 478 2188 sententiae
489 2146 591 2204 negativae
602 2145 742 2206 patrocinando

56 2228 172 2282 arreptus,
188 2222 256 2266 illam
271 2236 338 2266 vocem
353 2220 378 2266 de
393 2220 432 2280 fide
456 2225 510 2279 (περὶ
523 2230 555 2279 ute
568 2227 659 2278 atomos)
674 2222 743 2268 eodem

57 2311 113 2342 sensu
125 2299 207 2359 sumpsit
219 2314 241 2343 ac
253 2299 345 2343 terminus
358 2298 391 2342 ille
403 2299 507 2352 technicus,
520 2314 559 2359 quo
573 2298 660 2344 doctrina
673 2300 698 2344 ad
711 2299 742 2344 de-

56 2374 142 2433 positum
156 2374 278 2419 revelationis
294 2375 391 2434 pertinens
407 2373 525 2433 designatur.
540 2376 595 2421 Dicit
610 2377 662 2420 eninr
677 2377 743 2437 quoad

57 2465 114 2511 supra
127 2451 187 2496 relata
200 2450 284 2497 verbnss
299 2453 397 2497 “Hermae
409 2453 548 2506 testimonium,
562 2455 578 2498 si
591 2453 698 2514 quidquam
711 2470 743 2499 va-

45 2527 46 2531 ’
56 2527 110 2582 leret,
120 2530 203 2574 nimium
212 2529 308 2590 probaret,
319 2530 390 2574 scilicet
399 2531 449 2574 hanc
460 2530 568 2576 doctrinam
578 2531 603 2576 de
613 2531 689 2577 duobus
699 2547 743 2577 con·

56 2624 116 2633 ι--

98 2669 122 2698 11.
132 2666 221 2706 Gazzaniga,
230 2665 277 2698 Prael.
287 2664 344 2702 Theot„
354 2667 376 2698 lV
385 2665 421 2698 diss.
431 2671 438 2698 l
449 2677 461 2699 c.
472 2672 491 2702 19
500 2679 516 2700 n.
526 2672 560 2702 301.
