1657 3045
258 129 359 166 Daunoni
372 129 514 165 lmeucnmoxe
719 127 730 164 9

44 260 71 304 rei
83 256 187 315 vestigium
200 256 221 298 in
234 255 330 315 Scriptura
343 254 415 307 notari;
429 268 475 296 nam
488 253 514 296 D.
529 249 600 296 Paulus
613 247 681 294 datum
695 247 731 293 sibi

45 333 90 378 dicit
99 330 192 388 angelum
200 329 288 381 Satanae,
298 328 335 389 qui
341 342 360 371 se
369 326 482 387 colaphizet.
492 325 552 383 Quod
562 332 581 369 et
590 324 606 369 si
615 323 659 367 aliis
667 321 731 367 modis

6 462 7 465 Ἰ
45 405 127 462 intelligi
140 411 210 463 potest,
223 409 288 463 potest
300 409 319 446 et
331 402 432 445 hoc....”
446 400 529 453 Deinde,
543 399 607 443 eidem
620 399 732 458 interpreta·
788 395 790 398 ⁴

45 479 94 523 tioni
108 477 227 520 asciscendus
241 476 355 535 estpariter
368 475 474 527 SUAREZ‚
489 476 582 534 quivero
597 473 675 516 nonnisi
688 471 732 514 titu-

45 552 113 598 banter
126 550 144 593 ei
157 550 288 610 patrocinatus
301 555 335 602 est,
349 547 374 591 de
387 546 439 591 dicto
453 555 507 591 textu
519 545 609 591 dicendo:
627 547 662 590 “Et
675 544 732 588 multi

46 630 115 685 putant
127 622 239 666 huiusmodi
252 621 312 665 fuisse
324 628 417 673 satanam,
430 622 464 680 qui
477 620 501 664 ad
514 619 629 664 tentandum
641 619 678 677 Job
692 632 733 678 spe·

46 698 114 744 cialem
124 696 222 742 licentiam
233 697 316 757 petiit,'’⁹
334 695 388 740 Addi
399 702 469 756 potest,
480 694 534 755 quod
544 694 654 746 ΕὸΤΙῐΙὸ,10
665 693 696 737 cui
708 692 733 736 de

47 772 141 816 sententia
151 772 216 831 potius
226 770 316 829 negativa
327 783 439 829 persuasum
450 775 497 819 erat,
507 766 584 810 videtur
594 768 631 810 ista
641 766 733 826 Apostoli

47 845 105 889 verba
115 843 139 888 de
148 859 194 888 vero
204 844 275 904 angelo
284 843 337 887 malo
348 843 463 886 exercitante
472 841 585 899 intelligere.
601 842 630 883 Ut
639 855 685 899 ergo
696 841 733 883 cui·

47 919 94 963 libet
104 926 164 978 patet,
174 926 202 961 est
213 919 300 977 quaestio
312 917 337 961 de
347 924 400 960 textu
411 914 562 975 interpretando.

86 1002 151 1052 Nunc,
162 1002 249 1061 inspecta
259 999 363 1044 traditione
374 1001 453 1043 Patrum
464 1006 483 1043 et
493 998 630 1056 theologorum
641 997 735 1057 reperitur

48 1076 120 1135 quippe
131 1074 236 1118 multitudo
249 1075 387 1118 sententiarum
398 1074 447 1116 circa
458 1074 517 1116 istum
530 1072 646 1135 “stimulum
654 1072 733 1123 carnis‚'¹

48 1163 87 1209 quo
98 1149 116 1192 S.
127 1148 197 1192 Paulus
209 1162 229 1192 se
238 1147 356 1209 colaphizari
366 1146 420 1200 dixit,
432 1146 466 1192 sed
476 1145 584 1190 notandum
595 1152 629 1199 est,
640 1144 693 1206 quod
704 1159 735 1188 ex-

49 1223 162 1282 plicationes
176 1223 296 1281 excogitatae
308 1223 363 1282 quasi
376 1236 449 1273 omnes,
458 1219 603 1265 considerando
617 1219 735 1263 locutionem

49 1295 140 1356 Apostoli
156 1304 256 1356 tamquam
271 1297 412 1356 metaphoram,
429 1310 507 1339 causam
524 1295 611 1354 apprime
628 1293 736 1338 naturalem

50 1379 167 1428 supponunt.
181 1372 210 1414 Re
222 1366 302 1429 quidem
314 1384 365 1422 vera,
379 1369 452 1429 duplex
465 1368 546 1414 habetur
559 1370 679 1427 metaphora,
692 1369 735 1420 viz,

51 1443 151 1486 “stimulus
167 1445 228 1487 carnis
242 1445 309 1487 meae¹'
325 1450 344 1487 et
360 1443 453 1501 “angelus
468 1443 567 1487 Satanae.''
583 1443 656 1486 Merito
672 1449 737 1485 autem

50 1531 74 1559 ex
90 1516 176 1560 adhibita
191 1518 306 1576 metaphora
321 1516 442 1560 concluditur
458 1531 504 1568 rem,
520 1515 545 1559 de
561 1531 600 1575 qua
615 1515 736 1575 loquebatur,

50 1589 155 1633 Corinthiis
164 1590 222 1649 plane
231 1596 298 1632 notam
307 1582 372 1641 luisse,
381 1591 417 1633 etsi
425 1588 481 1633 nobis
490 1590 567 1650 penitus
577 1589 601 1632 sit
609 1590 682 1648 ignota.
692 1590 737 1645 Qua

51 1662 75 1705 de
89 1664 164 1707 ratione
178 1665 252 1707 occasio
268 1663 313 1707 data
328 1671 356 1707 est
369 1665 427 1707 variis
441 1654 585 1724 hypothesibus,
600 1671 700 1723 quatenus,
715 1670 737 1706 ut

52 1740 115 1784 solum
130 1741 271 1784 communiores
287 1739 392 1783 sententiae
407 1745 547 1790 recenseantur,
561 1738 652 1781 nonnulli
668 1751 737 1797 suppo-

51 1821 100 1857 nunt
108 1814 198 1859 morbum
208 1813 293 1874 aliquem
301 1812 427 1873 corporalem,
437 1812 471 1856 alii
480 1826 581 1855 aerumnas
591 1809 615 1856 ab
625 1800 738 1855 adversariis

51 1886 129 1939 obsitas,
146 1888 179 1931 alii
195 1887 258 1931 adhuc
274 1887 419 1947 incitamentum
436 1886 600 1944 concupiscentiae
616 1884 738 1936 libidinosae,

52 1960 99 2005 dum
110 1960 153 2005 aliis
164 1961 242 2005 demum
253 1960 322 2021 placet,
333 1959 433 2004 stimulum
443 1960 502 2003 istum
513 1959 575 2003 carnis
586 1959 614 2003 uti
625 1966 739 2020 perpetuam

51 2036 165 2078 memoriam
173 2037 225 2078 vitae
233 2042 277 2078 ante
286 2036 430 2077 conversionem
439 2040 493 2077 actae
502 2034 603 2092 explicare.
613 2036 641 2077 Ut
650 2034 739 2078 observat

51 2109 75 2150 R.
87 2110 236 2160 CORNELY‚¹¹
248 2107 352 2151 manifeste
363 2114 438 2151 constat
450 2122 474 2150 ex
485 2114 527 2150 toto
539 2114 637 2160 contextu,
649 2107 703 2168 quod
715 2107 740 2151 de

53 2181 118 2241 aliqua
132 2197 152 2225 re
165 2198 259 2242 magnum
272 2189 362 2226 causante
375 2180 464 2225 dolorem
477 2181 549 2240 agitur;
565 2189 583 2225 et
597 2183 645 2226 sicut
659 2181 706 2226 alibi
719 2183 740 2225 in

53 2256 70 2298 S.
80 2257 97 2299 S.
107 2270 136 2299 res
145 2256 254 2300 materiales
264 2256 328 2314 angeli
336 2256 375 2299 Dei
383 2263 524 2314 nuncupantur,
534 2256 561 2299 ita
570 2256 641 2315 pariter
650 2258 687 2300 hoc
696 2257 739 2300 loco

52 2329 126 2371 malum
138 2329 228 2374 obsidens
240 2324 359 2388 Apostolmn
371 2328 481 2387 appellatur
493 2329 574 2387 angelus
587 2330 674 2382 Satanae,
687 2331 740 2373 cuius

52 2402 149 2446 voluntati
161 2405 249 2463 proxime
262 2402 333 2454 obedit,
346 2417 390 2446 cum
402 2403 463 2454 Deus,
476 2410 498 2446 ut
511 2402 599 2446 altiorem
613 2417 669 2447 suum
681 2403 741 2447 finem

94 2554 109 2585 9.
119 2551 177 2589 Suarez,
188 2549 207 2583 de
217 2549 285 2591 Angelis,
296 2554 305 2583 8
316 2554 334 2582 21
347 2553 374 2587 30;
385 2558 400 2589 p.
412 2553 456 2585 1097.

96 2597 119 2625 10,
130 2594 147 2624 in
157 2597 167 2625 2
177 2595 222 2632 Sena,
233 2592 248 2625 d.
259 2597 277 2626 11
289 2602 320 2634 par.
330 2593 347 2631 43
359 2593 365 2624 l
376 2602 391 2633 p,
403 2596 435 2625 101.

56 2636 226 2718 iaooll'rzliltiiinely
237 2638 251 2670 S.
257 2638 275 2677 J,
288 2636 370 2669 Commeat,
382 2634 398 2667 ia
410 2635 424 2668 S,
436 2633 479 2668 Pauli
490 2634 569 2676 Epistolar.
582 2637 603 2669 111
618 2635 649 2676 [ed.
661 2641 670 2669 2
682 2637 742 2669 Parisiis
