1657 3045
269 128 370 165 Danuoun
384 127 526 165 Iunuounronn
590 148 592 150 -
719 125 741 164 67

54 271 161 314 congruum
172 263 205 299 aut
215 255 339 298 conveniens:
351 255 388 313 ipsi
399 255 451 297 enim
462 253 567 297 daemones
577 268 618 296 non
629 260 686 310 egent
697 252 742 294 inci-

54 330 127 374 tatione
137 329 203 389 aliqua
213 336 234 373 ut
244 344 280 373 nos
290 326 383 372 infestent
393 336 426 373 aut
437 327 462 373 ad
472 326 591 388 peccandum
601 327 686 379 incitent,
698 340 742 370 cum

55 403 80 447 ad
95 403 115 447 id
129 401 241 445 faciendum
255 418 279 445 ex
294 415 394 460 perversae
410 409 489 445 naturae
504 417 550 445 suae
565 391 690 444 inclinatione
705 400 742 458 ipsi

54 475 200 535 propendeant”
205 491 210 527 ;
221 483 266 518 sunt
276 476 328 518 enim
337 476 375 533 ipsi
385 489 419 517 sua
428 483 496 534 sponte
506 476 531 519 ad
541 476 630 517 homines
640 471 743 515 tentandos

55 547 176 607 paratissimi.
195 547 255 604 Quod
268 555 332 592 autem
345 555 486 605 argumentum,
498 556 520 591 ut
531 555 581 591 recte
594 550 620 591 ait
632 547 742 597 ΕΞΤΙΙΕ,18

55 637 95 665 non
108 621 215 666 admodum
227 622 331 675 convincit;
345 636 391 665 nam
404 621 469 680 angeli
481 621 528 665 boni
541 630 585 665 sunt
598 622 622 665 ad
635 620 742 664 custodiam

55 695 157 738 hominum
168 696 322 755 paratissimi,et
334 703 399 746 tamen
412 696 519 756 specialiter
531 695 555 741 ad
568 711 610 740 earn
622 694 741 739 ordinantur.

56 770 161 821 Praeterea,
171 769 215 812 talis
224 769 324 829 deputatio
334 769 408 830 aliquid
417 768 554 830 superadderet
561 771 639 813 maioris
649 768 743 829 specifica-

56 843 120 894 tionis,
130 856 201 902 nempe
211 842 300 886 0rdinata
309 844 380 886 virium
390 843 491 902 dispositio
502 852 521 885 et
532 845 624 896 executio,
636 845 683 886 sicut
693 844 743 886 mili-

56 923 86 959 tes
94 914 163 959 ordine
172 917 259 959 instructi
268 916 352 960 multum
361 917 406 977 plus
415 919 436 960 in
443 917 496 962 bello
505 917 577 960 valent.

96 1005 151 1046 Haec
164 1017 209 1046 cum
223 1003 338 1061 angelorum
350 999 438 1045 custodia
452 1001 570 1060 comparatio
586 1000 644 1043 aliam
660 1001 744 1058 suggerit

58 1077 251 1134 argumentationem,
265 1076 297 1118 cui
311 1075 364 1118 haud
378 1074 421 1117 leve
434 1082 556 1118 momentum
570 1073 656 1117 fautores
671 1080 744 1116 senten·

58 1150 96 1192 tiae
107 1148 233 1192 affirmativae
248 1147 392 1209 (Maldonatus
404 1148 437 1192 Al.
449 1149 544 1199 Gazaeus,
556 1148 649 1199 Ananias,
661 1145 741 1206 Suarez)

59 1221 189 1267 attribuunt.1⁹
201 1222 275 1266 Dicunt
288 1222 341 1264 enim
354 1220 413 1282 quod,
427 1236 472 1266 cum
485 1223 625 1265 contrariorum
639 1220 707 1264 eadem
721 1221 746 1263 sit

58 1296 107 1338 ratio
115 1301 134 1338 et
141 1294 234 1346 doctrina,
242 1295 286 1338 ideo
294 1296 398 1354 unicuique
404 1292 479 1337 homini
487 1311 498 1338 a
505 1296 592 1354 principe
599 1295 746 1338 daemoniorum

59 1368 163 1428 deputatur
172 1368 256 1411 daemon
267 1368 360 1428 specialis,
372 1366 420 1412 sicut
430 1369 496 1412 aDeo
507 1370 589 1427 singulis
599 1368 655 1412 datur
666 1368 746 1427 angelus

60 1443 145 1499 stipator.
159 1443 201 1492 Ast,
215 1441 303 1499 pluribus
316 1442 404 1485 obnoxiis
418 1442 493 1485 laborat
505 1445 542 1485 hoc
556 1449 696 1500 argumentum.
710 1444 746 1483 Im-

59 1514 132 1571 primis,
143 1512 168 1555 de
179 1513 258 1555 diversis
270 1514 330 1556 causis
342 1514 468 1558 efficientibus
480 1516 551 1574 agitur;
564 1516 579 1557 si
591 1530 637 1574 ergo
648 1516 723 1557 homini
736 1529 747 1556 a

59 1592 105 1632 Deo
114 1590 194 1649 aliquod
202 1589 276 1632 bonum
285 1587 388 1639 confertur,
397 1603 438 1631 non
447 1590 533 1647 sequitur
541 1604 552 1630 a
561 1590 602 1647 pari
612 1604 623 1631 a
632 1588 710 1631 diabolo
719 1589 747 1630 in·

60 1663 101 1721 fligi
112 1662 192 1721 aliquod
202 1662 282 1705 malum.
300 1664 405 1713 Praeterea,
417 1669 498 1720 utraque
509 1661 608 1721 deputatio
619 1661 673 1704 haud
683 1675 747 1704 conse-

60 1737 125 1795 quitur
136 1751 160 1778 ex
171 1735 236 1794 aliqua
247 1736 322 1778 ratione
333 1735 441 1787 intrinseca,
453 1735 487 1778 sed
498 1737 562 1794 potius
573 1751 597 1778 ex
609 1734 669 1778 libera
679 1735 747 1778 volun-

61 1816 101 1851 tate
112 1809 152 1851 sive
158 1809 202 1865 ⁴Dei
215 1809 254 1851 sive
265 1806 344 1860 diaboli,
357 1815 376 1850 et
388 1807 472 1867 quidem,
485 1815 564 1867 propter
575 1809 703 1852 extrinsecum
715 1808 748 1851 ali-

62 1897 120 1941 quem
133 1880 198 1925 finem.
219 1882 308 1925 Axioma.
317 1889 382 1924 autem
395 1881 450 1934 illud,
465 1889 487 1925 ut
501 1881 574 1941 aliquid
587 1882 657 1934 valeat,
672 1889 748 1942 oportet

46 1991 47 1995 ,
62 1955 151 2015 respiciat
162 1955 263 2007 contraria,
276 1969 325 2015 quae
338 1969 358 1998 se
370 1954 443 1998 habent
455 1956 556 1999 intrinsece
570 1955 594 1999 ad
607 1957 689 2000 invicem
701 1963 749 1999 tam-

62 2047 121 2090 quam
130 2030 237 2090 perfectum
247 2039 266 2074 et
274 2030 410 2090 imperfectum
419 2034 494 2076 ratione
503 2032 589 2076 eiusdem
598 2034 669 2078 obiecti
679 2034 749 2077 forma-

63 2108 93 2160 lis,
104 2109 153 2151 sicut
163 2110 223 2151 virtus
233 2116 253 2152 et
262 2110 339 2161 vitium3
351 2110 383 2160 ita,
395 2123 413 2152 v
424 2124 450 2168 g,
461 2111 482 2152 in
492 2109 628 2154 iustificatione
638 2113 695 2154 unico
707 2119 750 2155 actu

63 2186 112 2230 fiunt
122 2187 221 2230 conversio
232 2186 256 2230 ad
266 2188 332 2229 Deum
342 2194 361 2230 et
370 2189 451 2231 recessio
461 2204 472 2231 a
482 2196 567 2247 peccato,
578 2188 749 2248 quemadmodum,

106 2341 129 2371 18.
140 2337 233 2376 tamena,
245 2337 259 2371 d.
272 2342 289 2371 11
300 2348 331 2378 par.
342 2338 360 2378 43
372 2339 379 2370 Ι
391 2343 424 2372 101,

107 2384 130 2416 19.
141 2381 175 2412 Hoc
190 2386 277 2419 argumento
292 2382 314 2411 uti
329 2380 399 2412 videntur
413 2380 515 2421 Hildebertus,
531 2383 577 2422 Hugo
593 2382 612 2415 de
627 2384 641 2416 S,
656 2384 721 2422 Victore,
737 2390 751 2416 et

64 2421 141 2462 Magister,
154 2422 181 2462 qui
194 2422 272 2462 paritatem
284 2422 387 2454 omnimodam
400 2423 438 2455 inter
451 2424 512 2463 angelos
524 2424 592 2457 custodes
606 2431 620 2457 et
633 2424 712 2458 daemones
725 2427 752 2458 irn-

65 2468 154 2503 pugnatores
166 2469 251 2496 contexunt.
268 2464 364 2503 Necopinans
377 2469 403 2502 est,
415 2465 492 2505 quomodo
504 2466 520 2498 hi
532 2477 583 2498 omnes
595 2465 708 2499 credibilitatem
719 2477 752 2507 par·

65 2505 131 2537 ticularis
141 2504 241 2544 deputationis
251 2505 340 2537 daemonum
350 2516 369 2538 ex
379 2506 447 2546 analogia
457 2516 491 2538 cum
501 2507 588 2547 angelorum
597 2508 664 2540 custodia
674 2508 751 2547 deducant,

65 2546 106 2585 dum,
117 2557 135 2579 ex
146 2545 191 2578 altera
201 2551 247 2586 parte,
258 2556 303 2577 unam
313 2546 424 2579 convenientiae
434 2547 507 2579 rationem
517 2559 545 2589 pro
556 2548 601 2580 tutela
611 2549 677 2589 angelica
688 2551 753 2590 praecise

6 2619 8 2622 .
66 2589 82 2621 in
95 2589 127 2628 ipsa
141 2586 236 2628 deputatione
249 2587 338 2621 daemonum
350 2593 414 2628 ponunt:
430 2589 457 2621 illa
469 2595 529 2630 propter
542 2590 584 2629 hanc,
597 2591 632 2623 haec
644 2602 680 2624 vero
692 2597 752 2633 propter

66 2630 113 2663 illam.
129 2631 151 2662 lta
162 2635 176 2662 et
186 2628 257 2662 Ricardus
267 2630 286 2662 de
296 2629 389 2669 Mediavttta,
400 2630 416 2663 in
426 2633 436 2666 4
446 2632 490 2670 Seni,
502 2631 516 2665 d,
529 2636 546 2665 11
558 2644 571 2665 a,
583 2637 590 2665 1
601 2644 615 2674 q.
628 2637 634 2665 1
646 2634 662 2666 in
673 2633 727 2673 concl.;
738 2637 753 2668 11

57 2673 137 2713 ''fflrixne
148 2672 196 2713 1591)
210 2675 243 2707 135.
341 2673 342 2676 ’
