1657 3045
299 521 499 582 APPENDIX

342 673 415 723 PARS
437 676 447 721 l

169 779 203 822 De
213 777 301 838 Duplici
311 776 395 838 Angelo
405 777 428 821 in
438 778 522 821 Pastore
533 778 623 821 Hermae

271 883 290 930 1)
307 882 390 919 Exrmsu
399 883 519 919 INTERNUM*

93 981 374 1040 INTRODUCTIQ-Etiamsi
388 1014 409 1039 ex
423 1001 531 1052 scriptoribus
545 1000 663 1052 theologisque
676 1001 741 1037 Herma

52 1058 173 1110 posterioribus
187 1058 244 1096 nullus
258 1071 340 1110 umquam
354 1058 456 1095 intellexerit
469 1059 514 1096 hunc
528 1064 593 1095 textum
607 1058 680 1095 Pastoris
693 1057 741 1095 aliter

52 1128 71 1154 ac
81 1115 102 1154 de
111 1115 175 1167 duplici
185 1116 247 1166 angelo
256 1115 342 1168 personali
354 1118 379 1166 (et
388 1127 439 1167 supra
448 1116 489 1154 haec
498 1116 614 1167 interpretatio
622 1113 740 1160 traditionalis,

52 1187 100 1213 causa
112 1173 210 1226 disputandi
222 1173 244 1212 de
255 1186 279 1220 ea,
291 1187 326 1213 non
338 1181 363 1213 est
373 1174 392 1212 in
403 1172 474 1213 dubium
486 1175 562 1223 vocata),
575 1180 631 1212 tamen
642 1172 741 1223 gravissima

52 1238 150 1282 argumenta
162 1233 228 1270 interna
239 1238 305 1284 praesto
317 1239 361 1278 sunt,
373 1245 425 1285 quare
436 1232 464 1270 hic
475 1238 530 1270 textus
541 1231 598 1284 potius
610 1231 628 1269 in
640 1243 690 1268 sensu
699 1229 740 1267 alle·

53 1291 111 1340 gotico
119 1290 141 1328 sit
149 1290 264 1341 accipiendus:
277 1291 372 1335 Enimuero,
382 1291 396 1328 si
405 1289 470 1341 legatur
478 1288 542 1328 nedum
550 1290 583 1328 hoc
591 1295 641 1341 caput
649 1287 742 1327 secundum

53 1349 95 1385 sexti
112 1348 192 1392 mandati,
209 1347 239 1385 ubi
256 1353 344 1385 occurrunt
361 1347 406 1385 dicta
421 1346 477 1392 verba,
494 1360 554 1384 verum
569 1347 620 1384 etiam
637 1352 682 1383 totus
698 1345 741 1384 liber

53 1403 136 1443 secundus
148 1404 272 1452 mandatorum,
285 1404 356 1443 indubie
368 1404 435 1443 videtur
447 1415 477 1456 per
489 1403 575 1455 duplicem
587 1403 667 1454 angelum
679 1401 741 1441 intelli·

52 1463 128 1513 gendum
139 1475 174 1500 esse
184 1463 263 1514 spiritum
273 1463 309 1500 sive
319 1461 395 1499 animum
406 1462 494 1514 aequitatis
505 1468 521 1499 et
531 1462 630 1513 iniquitatis,
642 1461 715 1498 iustitiae
724 1467 741 1497 et

53 1515 143 1567 nequitiae,
154 1515 274 1552 conscientiam
283 1514 346 1553 bonam
356 1521 372 1552 et
382 1514 449 1559 malam,
460 1515 504 1552 inter
513 1527 555 1566 quas
565 1514 622 1559 homo,
634 1512 688 1551 libero
697 1512 740 1551 arbi-

52 1566 85 1605 trio
94 1565 184 1619 praeditus,
191 1566 253 1617 eligere
263 1565 454 1619 debet;consequenter,
460 1577 511 1618 opera
520 1566 615 1604 alterutrius
622 1565 699 1616 “angeli''
706 1577 741 1603 non

51 1627 90 1658 sunt
98 1620 131 1658 nisi
139 1631 190 1671 opera
198 1619 290 1658 voluntatis
297 1619 352 1659 bonae
360 1620 388 1657 vel
395 1631 457 1672 pravae
462 1620 541 1659 hominis.
551 1619 600 1658 Liber
606 1620 652 1657 enim
657 1617 740 1658 secundus
796 1618 798 1620 ’

53 1672 126 1710 Pastoris
133 1672 184 1711 habet
192 1685 224 1723 pro
232 1679 337 1722 argumento,
346 1685 385 1711 cum
393 1673 414 1711 sit
422 1684 465 1724 opus
474 1674 567 1711 eminenter
576 1673 644 1718 morale,
653 1672 741 1711 ostendere

53 1735 70 1767 et
84 1728 176 1769 describere
190 1728 277 1781 duplicem
288 1729 333 1767 vitae
345 1730 391 1767 viam
404 1742 443 1767 cum
455 1730 508 1780 signis
522 1729 635 1783 operibusque
648 1729 740 1782 utriusque,

53 1787 76 1823 ita
84 1793 103 1824 ut
112 1786 217 1825 Christianus
226 1788 271 1831 sciat,
281 1787 369 1838 quomodo
378 1788 400 1824 sit
408 1799 417 1824 a
426 1793 494 1838 peccato
502 1787 615 1825 recedendum
624 1794 641 1824 et
649 1787 667 1824 in
676 1787 741 1825 bonum

52 1838 162 1877 tendendum.
172 1839 203 1884 Sic,
209 1839 256 1876 Man.
263 1841 279 1884 6J
287 1844 302 1884 t,
309 1838 356 1892 quod
364 1839 416 1877 textui
426 1844 483 1877 nostro
491 1839 539 1892 quasi
545 1838 568 1878 ad
575 1838 647 1877 modum
655 1838 740 1877 introduc-

53 1890 105 1928 tionis
120 1890 218 1928 immediate
234 1891 323 1929 antecedit:
342 1890 386 1929 “Sed
401 1903 446 1929 nunc
461 1891 492 1930 tibi
507 1891 548 1930 volo
564 1898 657 1930 monstrare
672 1892 741 1930 virtutes

53 1948 115 1986 horum
124 1947 248 1995 mandatorum,
257 1955 276 1987 ut
285 1948 327 1987 scirs
336 1948 405 1987 effectus
414 1948 488 1995 illorum,
498 1948 586 2002 quomodo
594 1950 631 2001 ipsa
639 1949 694 2002 posita
703 1956 743 1988 sunt

53 2005 74 2043 ad
87 2006 151 2043 iustum
163 2006 226 2057 pariter
238 2012 255 2043 et
267 2006 353 2044 iniustum.
373 2005 400 2043 Tu
412 2006 469 2058 itaque
482 2006 531 2044 crede
543 2007 588 2045 iusto
592 2021 596 2052 ;
610 2007 673 2045 iniusto
686 2013 742 2044 autem

54 2057 98 2096 nihil
113 2056 166 2096 crede.
189 2058 254 2096 Iustitia
269 2058 315 2097 enim
330 2064 391 2098 rectam
405 2059 451 2097 viam
465 2058 524 2105 habet;
539 2066 556 2098 at
570 2059 653 2098 iniustitia
667 2071 741 2112 pravam.

54 2115 87 2154 Sed
97 2122 116 2153 tu
127 2123 189 2154 rectam
199 2116 245 2154 viam
255 2115 326 2162 custodi,
338 2128 407 2167 pravam
418 2123 474 2154 autern
486 2118 567 2170 relinque.
584 2120 637 2156 Prava
648 2124 704 2156 autem
714 2119 742 2156 via

54 2186 89 2211 non
98 2173 149 2212 habet
158 2174 223 2211 exitum
232 2173 302 2221 bonum,
312 2174 342 2212 secl
351 2172 455 2212 offendicula
463 2173 525 2220 multa;
535 2186 594 2227 aspera
602 2182 632 2221 est,
642 2183 659 2214 et
668 2177 741 2227 spinosa,

54 2237 71 2268 et
80 2230 126 2269 ducit
134 2231 156 2269 ad
165 2231 257 2277 interitum,
268 2238 284 2270 et
293 2231 344 2270 noxia
353 2238 378 2270 est
386 2231 485 2271 hominibus
495 2232 620 2272 ambulantibus
629 2234 647 2271 in
656 2233 691 2272 illa.
707 2234 742 2282 Qui

53 2294 109 2328 autem
122 2295 184 2327 rectam
195 2290 241 2327 viam
253 2295 319 2341 petunt,
332 2290 424 2342 aequaliter
436 2290 523 2329 ambulant
535 2292 572 2330 sine
585 2289 693 2337 offensione,
701 2291 741 2344 quia

54 2354 89 2379 non
99 2348 124 2379 est
134 2354 197 2393 aspera,
208 2354 264 2394 neque
274 2342 347 2393 spinosa
363 2342 418 2380 Vides
428 2343 484 2393 igitur,
496 2344 543 2396 quod
553 2344 614 2381 melius
625 2350 649 2382 est
659 2346 742 2396 perhanc

54 2394 100 2431 viam
109 2393 191 2432 incedere.
200 2424 203 2432 r
212 2424 215 2432 .
249 2395 270 2432 Et
278 2395 335 2433 statim
344 2394 415 2433 veniunt
423 2395 474 2433 verba
483 2396 519 2442 ista,
528 2408 572 2450 quae
581 2397 599 2435 in
608 2397 640 2435 hac
649 2397 743 2449 appendice

53 2451 75 2489 acl
85 2453 166 2489 trutinam
177 2457 280 2498 revocantur,
293 2454 345 2490 “Duo
355 2460 394 2491 sunt
405 2453 461 2504 angeli
472 2466 511 2491 cum
521 2455 596 2500 homine,
607 2468 652 2493 unus
663 2456 740 2501 iustitiae,

55 2509 71 2540 et
81 2516 125 2541 unus
135 2503 225 2555 nequitiae,
234 2534 237 2542 .
246 2504 272 2541 ..¹¹
284 2505 352 2550 Iterum,
362 2506 411 2542 Man.
422 2510 438 2550 8,
449 2517 462 2543 c⁴
475 2508 492 2543 l:
505 2505 533 2543 “A
543 2506 589 2545 malo
599 2506 669 2553 abstine,
680 2514 697 2546 et
706 2508 742 2545 noli

98 2605 275 2639 *ΡΚΑΕΝΟΤΑΜΕΝΙ
289 2606 315 2639 Ad
323 2605 392 2640 facilitati
401 2607 463 2640 huiusce
472 2607 517 2641 studii
526 2609 622 2649 comparativi
631 2609 744 2648 consulendum,

56 2646 134 2727 {giliilssptur
147 2656 174 2687 per
187 2653 233 2680 totam
247 2647 344 2689 appendicem
358 2654 406 2681 textus
419 2650 484 2682 Pastoris
497 2650 552 2683 relatus
565 2650 605 2692 apud
618 2652 676 2691 Migne,
689 2653 721 2685 PG.
735 2657 743 2685 2

388 2778 411 2814 85
