1657 3045
267 99 368 136 Daamorsa
382 100 523 136 Inruemrom
717 97 738 135 65

52 227 157 272 ΡΙΕΙΕΚ.15
170 227 251 279 Etenim,
263 226 284 268 in
295 239 416 286 quacumque
427 226 562 269 coniunctione
574 225 647 268 entium
658 223 741 266 rationa-

52 303 101 346 lium
112 301 133 344 in
144 300 229 360 aliquem
240 314 363 344 communem
374 299 434 342 finem
445 301 603 360 conspirantium,
615 298 741 357 praecipuum

53 375 171 418 elementum
181 381 209 417 est
219 374 289 424 unitas,
300 387 349 432 quae
359 374 444 415 maxime
454 388 478 416 ex
488 373 527 416 fine
538 372 685 423 determinatim
696 384 742 412 vera

36 504 37 507 Ἴ
53 455 118 491 autem
130 448 194 490 unitas
206 446 286 490 moralis
298 447 376 489 nonnisi
388 461 412 489 ex
424 445 476 490 bono
489 446 528 490 fine
540 446 644 498 obtinetur,
657 460 696 505 quo
709 459 741 486 vo-

53 522 137 565 luntates
146 521 298 580 conspirantium
308 520 418 564 alliciuntur
428 528 447 563 et
455 523 475 563 in
483 535 544 564 unum
553 520 672 578 rediguntur.
682 520 742 561 Eron-

53 602 88 646 tra‚
99 600 194 653 quantum
205 592 329 654 dispendium
339 594 364 638 sit
374 594 459 647 unitatis,
470 592 548 654 quando
559 593 603 637 finis
613 594 634 637 in
644 593 696 638 bono
707 594 741 635 ho·

54 674 109 711 nesto
121 682 162 710 non
175 667 229 719 sistit,
242 666 330 711 videmus
343 667 364 710 in
377 665 534 711 associationibus
547 666 708 726 delinquentium,
721 666 742 709 in

54 737 192 783 rebellionibus
204 740 294 799 politicis,
308 739 429 792 militaribus,
443 747 485 792 etc,
497 741 518 782 in
531 738 600 799 quibus
614 738 742 782 dissensiones

54 814 147 864 internae,
159 812 202 855 lites
215 812 248 857 abs
260 827 347 865 numero,
360 813 448 872 aliaeque
460 813 559 858 scissiones
571 820 615 856 sunt
626 813 681 872 quasi
693 811 748 857 ordo·

55 885 141 929 diurnus.
150 887 220 928 Parum
227 885 292 938 refert,
301 885 354 944 quod
362 885 402 929 dux
410 901 478 930 eorum
485 900 557 944 magna
565 885 678 929 excellentia
686 899 743 944 super

56 959 104 1002 alios
118 958 228 1018 praecellet,
242 973 311 1018 parum
326 960 379 1004 iuvat
394 958 438 1003 finis
451 962 487 1004 iste
500 960 614 1004 communis.
635 958 676 1004 Ubi
686 958 743 1004 ¹abest

55 1032 143 1089 legitima
151 1039 170 1075 et
177 1033 258 1075 honesta
265 1033 389 1076 voluntatum
397 1032 495 1086 subiectio,
503 1033 530 1078 ibi
539 1033 592 1077 deest
600 1034 680 1075 omnino
688 1032 743 1085 ordo,

56 1112 124 1163 regnat
136 1103 230 1149 conlusio.

95 1193 158 1235 Modo
169 1191 276 1235 admodum
286 1191 344 1235 simili
355 1190 412 1235 debet
423 1206 452 1234 res
463 1207 484 1235 se
493 1189 564 1235 habere
574 1192 624 1233 inter
634 1189 744 1232 daemones.

56 1266 133 1310 P-ollent
143 1265 232 1326 prolecto
243 1265 304 1311 libera
313 1265 420 1318 voluntate,
431 1264 520 1309 feruntur
529 1264 609 1325 quidem
619 1263 665 1308 odio
677 1262 745 1323 impla·

56 1339 113 1384 cabili
124 1339 236 1399 invidiaque
246 1341 266 1381 in
276 1340 371 1392 homines,
383 1338 423 1391 sed,
434 1341 468 1399 qui
478 1341 499 1382 in
510 1337 570 1383 libera
582 1337 699 1382 subiectione
710 1336 745 1381 sub

57 1414 111 1457 suavi
120 1415 167 1472 iugo
178 1413 255 1457 divinae
264 1414 338 1471 gratiae
348 1412 396 1457 olim
406 1428 447 1456 non
457 1413 561 1457 voluerunt
570 1411 659 1456 ordinate
669 1411 745 1470 degere,

58 1486 157 1545 quomodo
172 1501 223 1529 nunc
236 1488 257 1529 in
269 1487 353 1531 tenebris
367 1495 456 1530 aeternae
471 1486 607 1538 damnationis,
622 1488 642 1529 in
656 1486 700 1529 imis
714 1485 745 1528 de-

58 1560 172 1618 sperationis
184 1573 225 1603 sese
237 1558 330 1619 disposite
342 1561 363 1602 in
375 1561 415 1603 acie
427 1559 517 1603 ordinata
529 1561 634 1604 instruant?
647 1560 666 1602 Si
678 1560 746 1602 caritas

57 1632 152 1674 melliflua
162 1633 208 1684 Dei,
219 1648 258 1691 qua
268 1634 331 1675 maior
341 1647 382 1675 non
393 1633 480 1686 habetur,
491 1634 539 1677 olim
551 1633 646 1677 sufficiens
657 1631 746 1675 nonfuit

59 1703 84 1748 ad
98 1705 150 1764 ipsos
165 1704 185 1747 in
200 1705 292 1765 amplexu
306 1707 406 1766 ipsiusmet
419 1708 504 1751 Unitatis
518 1705 684 1765 constringendos,
699 1721 746 1766 quo·

57 1782 118 1825 modo
127 1797 179 1825 nunc
189 1797 212 1825 ex
222 1784 312 1841 opposito
323 1781 362 1824 fine
371 1784 392 1824 in
402 1783 496 1824 unitatem
506 1782 625 1824 coalescunt?
636 1782 669 1824 An
679 1779 747 1823 odium

59 1856 121 1899 maius
132 1843 156 1899 sit
166 1855 265 1899 vinculum
275 1856 360 1906 unitatis,
373 1869 431 1914 quam
442 1855 485 1914 ipsa
495 1855 569 1907 caritas,
581 1869 631 1913 quae
641 1855 696 1897 Deus
708 1856 746 1897 est?

57 1928 193 1972 -Absonum
203 1931 261 1988 igitur
271 1930 300 1981 sit,
311 1928 365 1988 quod
375 1928 470 1980 diabolus,
481 1928 527 1971 “ille
536 1927 634 1971 homicida
644 1928 668 1972 ab
678 1928 746 1971 initio*

62 2001 101 2062 (lo.
115 2008 126 2046 8
139 2000 185 2062 44),
198 2008 238 2045 tam
250 2008 349 2044 extensam
361 1999 396 2045 sibi
408 1998 492 2044 vindicet
504 2007 620 2060 potestatem
632 2000 747 2052 ordinatam,

61 2074 200 2127 excellentiam,
214 2075 317 2135 imperium
331 2075 416 2127 unitatis,
432 2074 571 2120 subiectionem
586 2074 712 2128 subditorum,
727 2081 749 2117 ut

61 2149 147 2207 singulos
158 2163 203 2191 suos
212 2148 303 2192 satellites
314 2147 338 2190 ad
348 2149 396 2190 aciei
404 2148 493 2192 militaris
503 2150 569 2201 instar,
579 2150 667 2191 homines
677 2149 698 2191 in
707 2163 749 2209 per-

61 2221 135 2266 ditione
144 2223 245 2281 gehennae
255 2220 379 2265 consociandi
390 2221 548 2282 aucupabundos,
560 2222 680 2282 singulisque
690 2224 749 2281 igitur

61 2294 173 2340 hominibus
186 2295 316 2339 indesinenter
329 2294 432 2348 vacandas,
447 2298 523 2340 mittere
537 2304 601 2357 queat.
622 2296 689 2340 Aliud
698 2297 750 2340 enim
764 2297 766 2300 ⁴

62 2375 91 2412 est
101 2367 205 2412 daemones
216 2368 241 2413 ad
250 2367 365 2413 tentandum
374 2383 410 2429 pro
420 2384 511 2414 mensura
521 2386 533 2415 a
542 2372 587 2414 Deo
597 2384 687 2415 concessa
696 2385 750 2415 man·

62 2441 114 2493 dare,
126 2441 179 2485 aliud
191 2442 277 2500 singulos
289 2442 369 2500 singulis
380 2444 492 2489 hominibus
503 2443 591 2488 ordinate
603 2444 702 2504 deputare.
714 2446 750 2490 Ni-

62 2515 104 2558 hilo
113 2522 179 2558 tamen
188 2517 253 2568 secius,
263 2517 335 2559 cunctis
345 2515 388 2559 aliis
398 2517 583 2563 considerationibus
593 2519 687 2577 sepositis,
697 2529 716 2563 et
726 2518 750 2563 de

62 2615 124 2623 ----

105 2653 129 2684 15.
139 2651 164 2682 De
174 2648 241 2691 Angelis,
253 2651 267 2682 ll
279 2654 313 2685 175.
