1633 3045
74 127 96 161 80
270 122 300 159 Da
311 122 412 160 Dranoma
423 123 565 160 Inxuonmoxu

74 248 155 308 singulis
166 249 288 291 execrantur?
297 282 300 291 .
310 282 314 290 .
323 249 383 291 .Non
395 263 438 308 ego,
451 247 484 291 sed
496 248 525 291 illi
536 249 573 308 ipsi
585 262 626 291 sese
637 237 761 300 conturbant;

75 321 221 366 ...Observent
232 322 270 379 ipsi
282 335 329 373 sese,
341 335 377 364 nec
388 336 420 367 me
433 323 528 365 immerito
541 329 658 365 execrentur.
667 355 671 363 .
680 355 684 363 .
693 355 697 363 .
706 322 716 335 '’
729 322 762 363 De

75 394 133 448 lacto,
147 395 298 438 instestimoniis
312 396 381 438 veteris
396 396 504 440 traditionis
518 396 538 437 in
553 394 642 438 favorem
657 396 762 437 sententiae

75 468 201 512 affirmativae
209 469 270 511 citatis
278 469 325 511 haec
334 470 471 529 consequentia
479 469 530 512 clare
537 469 658 529 proponitur.
668 470 703 521 Ita,
712 483 729 511 e.
736 482 762 526 g,

75 542 96 583 in
108 543 187 584 Pastore
200 541 308 592 Hermae‚³⁵
323 555 381 601 super
394 557 453 602 quem
466 549 507 584 tota
520 540 599 584 traditio
612 542 649 584 ista
662 539 763 592 tundatur,

75 616 141 657 omnia
148 628 207 674 opera
214 616 312 674 nequitiae
319 617 340 658 in
347 616 427 660 homine
433 616 523 660 dicuntur
530 615 600 659 exoriri
608 630 632 658 ex
639 615 764 673 instigatione

76 687 176 731 daemonis
185 688 239 740 socii;
248 686 301 731 idem
309 689 390 732 omnino
397 689 456 733 habet
464 689 572 732 Antiochus
581 690 660 741 Leucae,
670 696 689 731 et
697 689 763 731 sermo

76 763 101 805 68
115 760 141 806 ad
152 763 228 805 Fratres
241 762 260 805 in
274 763 343 807 Eremo
357 763 375 807 S.
388 763 498 822 Augustino
511 761 562 806 falso
576 763 674 822 ascriptus.
688 763 733 821 lpse
746 763 763 806 S.

76 835 183 894 Gregorius
193 836 299 893 Nyssmus,
310 835 439 896 proponendo
450 836 522 880 dictam
533 836 653 888 sententiam,
664 836 764 879 hominem

77 907 167 950 describit
180 915 280 967 tamquam
293 909 381 951 medium
394 910 444 952 inter
458 910 550 967 angelum
564 909 638 952 bonum
651 916 670 950 et
683 909 763 950 malum.

76 981 173 1039 Origenes
182 989 259 1024 econtra
269 982 359 1041 explicite
368 998 390 1025 ac
399 983 487 1041 energice
496 991 554 1041 negat
563 983 629 1026 omnia
638 990 716 1042 peccata
725 980 765 1025 dia-

77 1053 118 1098 boli
134 1054 226 1098 instinctu
242 1053 290 1098 fieri.
313 1056 389 1100 Notare
405 1056 464 1108 iuvat,
481 1056 531 1100 hanc
547 1055 710 1115 consequentiam,
727 1070 766 1115 qua

76 1142 144 1172 omnes
156 1128 272 1172 tentationes
283 1127 307 1173 ab
318 1130 410 1172 instinctu
420 1129 521 1173 daemonis
532 1137 651 1190 repetuntur,
663 1130 726 1186 logice
738 1143 765 1172 se-

78 1208 142 1244 cutam
157 1215 198 1244 esse
212 1216 236 1245 ex
250 1202 341 1260 analogia
355 1209 471 1261 exaggerata
485 1217 529 1246 cum
544 1203 658 1262 angelorum
672 1202 765 1246 custodia.

78 1276 138 1327 Nam,
150 1276 198 1318 sicut
209 1276 275 1318 omnia
285 1274 337 1319 bona
348 1277 472 1334 suggestione
483 1277 548 1336 angeli
559 1275 606 1321 boni
617 1276 659 1320 fieri
671 1275 765 1328 dicuntur,

78 1353 106 1395 ita
119 1353 185 1395 omnia
197 1351 255 1402 mala,
268 1366 318 1410 quae
330 1351 391 1393 homo
405 1349 457 1402 lacit,
470 1349 496 1393 ad
508 1350 653 1410 persuasionem
665 1348 766 1392 daemonis

79 1425 152 1486 proprii
166 1424 307 1485 impugnatoris
321 1422 462 1466 reducerentur.
477 1425 500 1466 In
514 1425 568 1467 omni
582 1438 663 1476 summa,
678 1424 766 1482 quamvis

79 1514 102 1541 eo
116 1500 197 1558 ipsoex
211 1511 300 1540 concessa
314 1496 440 1556 deputatione
454 1498 541 1555 specialis
555 1496 656 1539 daemonis
670 1511 705 1555 pro
719 1511 767 1538 uno-

79 1585 157 1632 quoque
167 1572 247 1613 homine
257 1584 297 1612 non
308 1577 404 1630 sequatur,
415 1584 483 1613 omnes
493 1571 609 1613 tentationes
620 1569 662 1612 fieri
673 1583 708 1629 per
719 1571 767 1612 eius-

80 1645 125 1688 dem
134 1646 284 1703 instigationem,
294 1645 421 1686 nihilominus
430 1647 451 1686 in
460 1646 506 1703 ipsis
515 1644 627 1687 hominibus
636 1645 717 1686 oriretur
727 1645 768 1703 qui·

80 1718 126 1762 dam
136 1719 272 1777 pessimismus‚
283 1725 378 1777 quatenus
388 1724 452 1760 toturn
463 1717 529 1760 salutis
540 1718 641 1775 negotium
651 1724 730 1777 propter
740 1719 768 1759 in-

81 1799 163 1835 stantem
177 1791 304 1834 resistentiam
318 1797 385 1833 contra
397 1789 513 1833 daemonem
527 1798 568 1833 tam
581 1791 649 1833 intime
663 1805 685 1832 ac
698 1789 768 1833 indesi-

79 1872 147 1907 nenter
159 1870 280 1923 praesentem
293 1870 456 1923 quaerentemque
468 1877 547 1907 omnem
560 1864 680 1906 occasionem
692 1864 768 1906 homini

80 1936 190 1989 insidiandi,
202 1935 262 1980 modo
274 1938 340 1996 potius
350 1938 441 1995 negativo
454 1938 590 1996 conciperetur.

121 2022 183 2081 Igitur
196 2035 220 2064 ex
233 2027 287 2082 parte
300 2020 408 2074 hominum,
421 2033 526 2081 puerorum
539 2033 610 2080 nempe
624 2028 643 2064 et
657 2021 769 2073 amentium,

81 2094 193 2154 negandum
211 2096 292 2137 omnino
310 2094 392 2147 videtur,
412 2094 493 2153 singulis
511 2094 600 2153 deputati
620 2094 706 2152 singulos
726 2094 769 2137 dae-

81 2181 158 2220 mones;
167 2166 233 2226 quoad
241 2166 318 2210 adultos
327 2174 397 2220 autem,
406 2167 519 2227 praesertim
527 2165 648 2221 infirmiores,
657 2168 769 2211 inverisimi-

83 2242 120 2285 lius
139 2249 173 2293 est,
192 2240 273 2298 singulis
292 2240 334 2284 dari
352 2242 488 2299 particularem
506 2242 592 2299 aliquem
610 2240 726 2284 daemonem
745 2240 770 2284 ad

84 2315 201 2358 exercitium.
760 2305 763 2306 ⁷

82 2416 144 2423 -.ι

124 2455 148 2487 35.
159 2450 193 2483 Hoc
208 2455 234 2489 est,
250 2450 262 2482 si
278 2448 361 2483 admittitur
375 2451 476 2492 interpretatio
491 2457 568 2483 contextus
582 2452 605 2483 uti
620 2451 638 2484 de
652 2452 725 2484 daemone
738 2462 770 2494 per·

82 2494 134 2527 sonali.
154 2492 195 2527 Vide
208 2491 316 2534 appendicem.
391 2497 393 2499 ’
