1657 3045
254 504 536 570 INTRODUCTIO

89 726 203 769 PECIALIS
211 733 239 768 est
247 726 334 785 quaestio
343 725 392 768 circa
400 723 511 782 generalem
518 722 635 767 daemonum
643 723 740 765 incursum
780 721 782 725 ⁴

97 805 118 847 in
128 804 222 856 homines,
233 809 298 846 utrum
310 802 381 861 singuli
391 803 480 845 homines
491 808 566 861 praeter
577 799 668 859 angelum
679 807 741 843 custo-

55 884 99 928 dem
113 881 181 926 itidem
194 879 331 941 particularem
345 879 381 924 sibi
394 879 479 925 habeant
493 880 612 939 assignatum
626 878 741 921 daemonem

54 963 216 1019 impugnatorem
232 960 282 1002 Cum
292 966 362 1010 autem,
372 973 396 1001 ex
405 973 444 1001 una
453 965 513 1017 parte,
522 956 575 1000 haud
584 957 638 1016 parvi
647 956 741 999 momenti

55 1040 79 1082 sit
87 1037 112 1082 ad
122 1037 226 1082 accuratius
236 1035 353 1081 daemonum
361 1042 477 1096 potestatem
486 1037 506 1080 in
515 1033 602 1093 singulos
611 1035 699 1078 homines
708 1034 741 1077 cir-

55 1114 225 1170 cumscribendam,
236 1130 259 1158 ex
268 1115 328 1158 altera
338 1129 383 1158 vero
392 1123 452 1174 parte,
463 1115 508 1173 quia
517 1115 616 1173 hucusque
626 1128 637 1156 a
646 1112 742 1171 theologis

55 1193 132 1235 nonnisi
142 1192 203 1237 obiter
213 1192 399 1254 occasionaliterque
406 1199 457 1235 tacta
466 1190 503 1235 fuit
512 1193 560 1235 haec
570 1177 742 1250 quaestio,suppe-

56 1269 113 1313 ditari
124 1269 200 1313 videtur
211 1271 260 1313 ratio
272 1268 367 1313 sufficiens
380 1268 404 1312 ad
416 1284 460 1313 eam
472 1271 571 1329 operosius
582 1267 742 1329 pertractandam.

56 1346 136 1390 Accedit
149 1349 227 1406 insuper
241 1347 279 1390 alia
293 1346 356 1389 adhuc
369 1348 418 1390 ratio
432 1362 494 1406 eaque
506 1345 606 1389 cuiusdam
619 1346 742 1396 necessitatis,

56 1431 159 1484 propterea
176 1424 229 1484 quod
247 1424 299 1484 apud
317 1424 402 1467 diversos
420 1425 529 1482 theologos,
548 1425 660 1483 praesertim
677 1439 743 1467 manu-

58 1501 128 1553 alistas,
146 1502 246 1545 diversitas
262 1503 320 1560 viget,
338 1503 378 1545 imo
395 1510 414 1545 et
431 1501 527 1554 confusio,
544 1501 609 1561 quoad
626 1502 744 1561 quaestionis

57 1578 130 1623 radices
145 1580 250 1623 historicas.
273 1578 357 1632 Deinde,
373 1578 481 1638 disquisitio
497 1581 533 1623 ista
549 1579 619 1624 exinde
634 1579 744 1639 exoptanda

57 1655 127 1707 evadit,
137 1657 182 1714 quia
192 1656 299 1699 SUAREZ¹
309 1658 424 1699 sententiam
433 1656 567 1700 affirmativam
577 1656 630 1699 ulere
639 1658 744 1700 communi·

57 1733 97 1775 ter’'
108 1740 205 1792 receptam
215 1740 315 1785 asseverat,
325 1748 400 1776 necnon
410 1735 575 1791 ΕΑὸΑΙΟΛΝΑ2
586 1733 675 1778 eamdem
684 1733 744 1776 modo

57 1811 120 1868 magis
132 1808 232 1853 definitivo
244 1816 344 1870 tamquam
355 1812 482 1854 communiter
495 1819 591 1871 receptam
604 1828 615 1854 a
628 1812 745 1854 scholasticis

58 1894 103 1945 post
112 1889 229 1946 Magistrum
239 1888 379 1931 Sententiarum
389 1887 494 1941 contendit,
505 1889 557 1941 dum,
568 1896 651 1942 econtra,
663 1890 680 1932 S.
691 1891 746 1932 BEL-

17 1967 18 1971 ’
58 1965 212 2016 LARMINUS‚³
226 1980 307 2008 coaevus
319 1968 394 2018 Suarez‚
407 1968 520 2026 opinionem
532 1969 589 2010 istam
601 1975 623 2010 ut
637 1968 744 2011 “errorem’'

59 2041 154 2101 repudiat,
170 2042 249 2102 quando
264 2050 333 2087 tractat
348 2042 373 2087 de
388 2046 466 2088 Pastore
482 2047 573 2096 Hermae,
590 2046 624 2105 qui
640 2046 657 2090 ei
673 2047 746 2105 primus

59 2121 190 2178 patrocinatus
202 2128 236 2165 est.

75 2184 81 2188 „
112 2198 162 2241 Cum
169 2196 257 2242 doctrina
264 2198 289 2242 de
296 2199 369 2258 angelis
377 2199 487 2244 custodibus
495 2200 519 2244 de
527 2200 565 2244 fide
574 2202 598 2245 sit
606 2200 747 2261 traditioneque
795 2240 798 2244 ,

60 2274 155 2317 Ecclesiae
167 2277 254 2334 apprime
266 2278 361 2319 constanti
374 2292 396 2319 ac
408 2278 512 2320 universali
525 2278 611 2331 suffulta,
624 2269 695 2322 mirum
707 2295 747 2323 non

61 2352 94 2401 est,
108 2351 161 2410 quod
174 2353 265 2396 nonnulli
278 2368 302 2396 ex
315 2369 338 2397 ea
351 2368 417 2397 ansam
431 2355 456 2398 ad
470 2356 607 2415 inquirendum
620 2338 747 2417 arripuerunt,

61 2433 126 2470 utrum
135 2428 182 2487 quid
192 2430 255 2473 simile
264 2432 285 2473 in
294 2431 388 2474 relatione
397 2431 515 2476 daemonum
525 2433 550 2477 ad
559 2435 648 2478 homines
659 2437 748 2494 reperire-

61 2528 123 2536 *-

103 2574 117 2602 1,
127 2571 152 2602 De
160 2569 228 2610 Angelis,
237 2574 246 2602 8
256 2574 274 2602 21
284 2574 311 2608 31;
320 2580 335 2611 p.
345 2573 389 2604 1097.

104 2621 118 2648 2.
128 2616 246 2657 Disquisitiones
261 2614 458 2657 Scholastica-Dogmata,
474 2618 496 2650 lV
513 2617 604 2657 (Barcinone
620 2620 667 2660 1894)
685 2630 700 2652 n,
716 2623 749 2652 272,

104 2666 118 2698 3.
128 2664 153 2695 De
162 2661 262 2704 §captoribus
271 2661 380 2702 Ecclesiasticis,
392 2664 421 2703 Op.
433 2665 504 2701 om,V1
517 2664 592 2706 (Neapoli
604 2666 651 2706 1362)
666 2669 689 2698 18.

402 2750 410 2782 1
