1633 3045
85 95 107 133 16
283 94 313 133 Dr
325 96 454 134 Sineuronun
466 96 569 134 Homuun

83 222 145 264 trariis
164 221 232 280 geniis,
250 220 284 281 qui
302 220 383 280 singulis
401 220 512 266 hominibus
530 221 613 275 adstent,
631 223 727 282 pertinere
746 221 771 266 ad

84 297 162 342 fidem.”
180 300 235 343 Haec
244 314 290 343 vero
301 299 434 359 interpretatio
445 315 522 360 prorsus
534 309 562 345 est
573 300 681 345 relidenda.
700 303 728 344 Ex
739 316 771 344 an-

85 376 132 433 alysi
142 377 207 420 critica
216 383 317 420 contextus
326 391 482 422 verum-sensum
492 378 546 422 istius
556 377 646 422 vocabuli
656 379 731 437 optime
741 393 772 421 ex-

85 453 145 513 plieat
158 455 183 497 A.
197 454 387 499 ΒΑΙΙΜΕΙὸΤΕΙὶ.12
402 457 483 510 Etenim,
497 471 536 500 vox
550 456 586 500 ista
600 457 664 516 potius
678 454 772 500 trahenda

86 538 114 574 est
123 531 148 574 ad
157 530 317 590 significationem
326 548 447 594 cognoscere,
457 532 570 594 intelligere,
581 534 636 578 sicuti
644 550 668 578 ex
677 536 719 594 ipso
729 549 773 578 con·

86 615 140 652 textu
153 609 234 663 eruitur3
247 625 294 653 nam
306 609 331 654 de
343 618 426 671 utroque
439 613 510 670 angelo
523 614 597 671 quaerit
610 615 694 655 Hermas
708 614 773 667 “Quo-

85 684 144 729 modo
153 720 157 729 .
166 720 170 729 .
179 688 313 746 ,operationes
325 703 392 733 eorum
404 704 519 749 cognoscam
535 695 663 747 (γνώσομαι),
675 691 706 734 cui
718 705 775 749 ange-

85 763 115 807 lus
126 763 192 808 “Audi
200 799 204 808 .
213 799 216 808 .
226 752 257 809 ,εἰ
265 765 353 827 intellige
366 772 439 824 (olore)
452 769 502 821 eas,'’
513 777 532 813 et
540 775 614 829 postea,
625 769 699 812 “Cerne
715 772 772 825 (ὅρα)

86 858 137 887 nunc
151 851 170 887 et
183 857 243 902 opera
257 845 322 902 angeli
336 847 458 905 nequitiae..
468 861 574 904 ¹cognosce
587 861 632 889 eum
645 860 669 888 ex
682 844 773 905 operibus

86 921 132 965 eius¹
142 921 211 966 ...Tu
226 935 272 979 ergo
289 937 333 966 cum
349 924 461 981 cognoveris
479 928 590 980 (ἀπιγνούς)
609 936 669 983 opera
684 923 731 974 eius,
747 938 774 965 re-

87 998 133 1043 cede
143 999 167 1044 ab
178 1013 202 1043 eo
213 1007 232 1044 et
242 1000 291 1044 nihil
302 1002 320 1044 ei
329 999 385 1045 crede
399 1005 494 1056 (alarcos)
536 1001 624 1060 Sequitur
635 999 711 1053 exinde,
721 999 775 1059 quod

88 1076 203 1136 significatio
216 1085 282 1121 exacta
294 1078 346 1121 tituli
359 1080 379 1121 in
392 1078 435 1122 aliis
446 1078 509 1122 verbis
521 1079 584 1138 magis
597 1078 715 1138 explicativis
727 1078 775 1121 haec

88 1162 124 1198 est:
136 1153 207 1206 “Audi
217 1169 273 1206 nunc,
283 1156 351 1213 inquit,
360 1154 507 1215 primumquod
517 1155 616 1199 sciendum
624 1162 653 1198 est
661 1154 686 1199 de
695 1155 774 1213 angelis.

88 1233 134 1276 Duo
144 1234 196 1276 enim
205 1239 249 1275 sunt
258 1232 375 1291 angelicum
384 1233 463 1276 homine
471 1241 506 1276 etc.
515 1268 519 1276 .
528 1267 532 1275 .
574 1234 655 1285 Etenim,
664 1233 685 1276 in
693 1240 776 1292 utroque

88 1310 154 1361 inciso,
164 1310 233 1353 relatio
243 1312 328 1352 Hermae
339 1309 363 1353 ad
373 1310 465 1367 angelum
475 1310 515 1353 sive
524 1309 598 1354 bonum
608 1312 648 1353 sive
657 1310 732 1353 malum
741 1324 776 1369 per

88 1385 148 1430 fidem
158 1386 277 1446 exprimitur,
289 1386 404 1446 inquantum
415 1385 496 1445 angelus
507 1400 552 1430 eurn
562 1386 664 1446 alloquens
674 1386 716 1430 vult
727 1387 776 1445 Her-

88 1479 142 1507 mam
156 1465 249 1506 instruere
264 1462 289 1505 de
304 1465 412 1522 praesentia
427 1465 527 1523 utriusque
542 1463 607 1521 angeli
621 1476 656 1523 per
671 1465 776 1522 respectiva

89 1555 148 1601 opera
157 1541 266 1584 alterutrius
274 1539 410 1599 dignoscenda.
425 1537 532 1593 Praeterea,
541 1539 654 1600 significatio
662 1554 777 1601 cognoscere

90 1620 176 1675 arguitur
187 1632 211 1661 ex
222 1631 251 1668 e0‚
263 1617 317 1676 quod
329 1617 409 1675 angelus
420 1618 549 1677 praesentiam
560 1631 615 1660 suam
626 1618 745 1676 operativam
756 1618 777 1658 in

90 1695 154 1738 anina
167 1693 280 1738 manifestat
292 1709 327 1754 per
339 1693 456 1738 locutionem
470 1701 489 1738 et
502 1708 536 1753 per
549 1694 693 1753 suggestionem
706 1696 777 1753 cogita·

90 1774 166 1817 tionum
179 1770 342 1832 affectionumque
356 1779 389 1815 aut
401 1771 497 1816 bonarum
511 1779 544 1815 aut
556 1772 652 1815 malarum
666 1772 690 1816 ab
703 1763 778 1822 Herma

91 1858 146 1894 caute
156 1842 330 1902 discernendarum,
341 1850 368 1894 ita
378 1858 400 1894 ut
410 1857 514 1908 cognoscat
524 1850 573 1893 sitne
584 1850 663 1908 angelus
673 1850 736 1894 bonus
746 1850 777 1893 vel

90 1929 159 1973 malus.
177 1929 237 1981 Nam,
249 1936 270 1972 ut
280 1936 340 1987 patet,
352 1928 454 1980 obiectum,
467 1927 492 1971 ad
503 1927 556 1987 quod
567 1926 650 1971 refertur
660 1927 713 1971 istud
722 1943 778 1971 voca-

91 2007 159 2052 bulum
179 2011 247 2057 ninere,
265 2006 331 2049 estin
347 2004 415 2048 ordine
432 2005 548 2064 cognitionis
566 2006 778 2064 practicae-Quam·

91 2086 120 2127 vis
130 2085 189 2144 igitur
198 2085 282 2126 Hermas
292 2097 332 2125 non
342 2082 390 2125 velit
399 2083 450 2126 hanc
460 2082 569 2126 doctrinam
578 2083 607 2125 uti
616 2080 642 2125 de
652 2080 691 2140 fide
701 2082 778 2126 creden·

92 2162 138 2206 darn
150 2175 265 2222 proponere,
279 2168 337 2205 restat
350 2162 490 2214 inconcussum,
502 2159 566 2205 verbis
579 2160 679 2204 literaliter
691 2162 778 2221 sumptis,

93 2256 138 2284 eum
150 2240 218 2284 docere
231 2240 311 2298 singulis
323 2238 434 2283 hominibus
447 2238 513 2283 adesse
524 2227 625 2298 geminum
637 2239 734 2297 angelum,
747 2239 780 2284 bo-

93 2337 152 2344 ...—

135 2385 159 2414 12.
170 2381 201 2415 Die
212 2377 257 2412 Ethik
269 2377 295 2413 des
306 2381 358 2413 Pastor
368 2380 434 2413 Hermae
448 2378 528 2421 (Freiburg
539 2380 549 2412 i.
561 2380 578 2412 B,
591 2379 638 2421 1912)
653 2390 668 2421 p.
680 2384 699 2416 79
709 2390 741 2421 par.
753 2384 778 2416 23:

94 2425 191 2465 ‘'Bedentung
203 2423 229 2455 der
241 2426 287 2456 πίστις
306 2423 327 2455 im
340 2423 408 2455 sechsten
420 2421 497 2455 Mandat.''
517 2424 566 2455 Notat
578 2432 614 2455 sero
628 2422 742 2462 quorsom
757 2422 781 2455 die

93 2467 203 2500 Konstrulction
215 2466 241 2499 des
254 2467 314 2499 Wortes
327 2464 373 2498 selbst
385 2465 416 2505 legt
428 2463 458 2497 den
470 2464 578 2497 theoretisehen
591 2464 627 2496 Sinn
640 2465 683 2497 nahe.
697 2490 701 2497 .
715 2491 718 2498 ,
733 2490 736 2497 .
749 2465 781 2497 Der

93 2511 142 2543 inhalt
153 2510 178 2543 des
189 2507 238 2543 Satzes
249 2507 308 2542 bezieht
318 2508 349 2541 rich
360 2506 386 2541 aui
398 2507 424 2541 das
434 2507 517 2541 Verbalten
529 2505 581 2540 beiden
593 2507 650 2549 Engeln
661 2507 780 2549 gegmttben...

92 2555 124 2586 Das
133 2553 215 2587 Verhalten
223 2550 269 2584 selbst
277 2550 316 2584 wird
325 2550 398 2585 heidemal
408 2552 435 2584 mit
445 2555 490 2584 stacte
506 2550 591 2583 bezeichnet
600 2549 631 2582 und
641 2551 662 2583 im
671 2551 734 2584 aweiten
743 2553 782 2584 Satz-

92 2596 142 2638 gliede
155 2593 258 2628 ausdrticklich
270 2599 326 2635 geogr,
339 2605 369 2628 was
383 2596 446 2628 Hermas
460 2593 537 2635 beziiglich
551 2593 576 2626 ries
589 2592 635 2626 bosen
648 2593 702 2634 Engels
715 2592 780 2634 glauben

94 2639 173 2673 soll....''
600 2662 602 2664 v
