1633 3045
72 127 95 165 90
366 121 466 160 nrrruux

73 255 83 287 2
97 250 198 287 associantur
211 248 272 299 angelo
284 248 358 297 malol),
372 249 391 285 in
404 253 431 294 12,
445 254 455 286 2
468 248 536 298 legitur:
552 249 610 286 “Haec
623 260 663 298 ergo
676 246 759 299 cupiditas

72 307 116 345 mala
125 314 150 345 est
159 314 175 345 et
184 306 283 358 perniciosa,
293 319 336 358 quae
345 306 435 345 mortificat
444 318 500 345 servos
509 306 547 344 Dei,
564 307 611 344 Haec
620 306 667 344 enim
675 305 758 357 cupiditas

73 378 82 402 a
95 364 164 403 diabolo
177 370 206 403 est.
226 365 334 417 Quicumque
348 376 389 414 ergo
402 364 499 403 recesserint
512 376 521 401 a
534 363 626 415 cupiditate
638 363 687 409 mala,
701 364 759 401 vivent

72 423 128 460 Deo.''
146 422 179 460 Sed
190 420 278 473 quomodo
289 421 365 460 recedere
376 434 386 459 a
397 422 457 473 spiritu
468 420 569 472 cupiditatis,
581 421 595 459 si
606 420 679 459 daemon
690 420 711 458 sit
722 431 759 473 per·

73 479 135 517 sonalis
146 484 264 532 permanenter
273 479 340 517 homini
352 481 448 531 aucupans?

114 549 146 586 DE
157 548 220 586 VERO
232 547 345 586 DIABOLO.
352 548 460 586 -Omnino
472 547 520 585 aliter
531 546 612 599 loquitur,
624 545 760 599 quando'sermo

73 605 92 643 fit
103 605 217 645 indubitanter
229 604 250 643 de
260 617 301 644 vero
312 604 386 644 diabolo.
397 607 413 651 4,
427 610 444 647 3:
457 605 516 643 uDeus
527 604 574 643 novit
585 604 679 657 nequitiam
690 603 759 650 diaboli,

74 676 107 714 qua
121 663 190 701 molitur
205 662 270 714 aliquid
285 663 348 701 sinistri
363 664 415 701 servis
429 663 468 708 Dei,
484 668 500 700 et
514 661 590 712 maligne
604 661 693 700 insidiatur
708 661 758 700 illis.”

73 722 101 757 De
112 720 181 758 diabolo
192 731 227 756 non
238 726 263 760 est
274 732 329 757 sermo
340 721 365 757 uti
377 720 399 757 de
409 721 469 771 spiritu
481 720 541 756 ‘'cum”
552 719 580 755 vel
592 720 631 756 “in’'
643 719 718 763 homine,
730 718 761 756 sed

74 776 95 817 ab
104 784 150 817 extra
160 789 199 817 eum
208 776 326 828 aggrediente!
342 776 359 815 A
369 776 437 816 diabolo
446 789 486 815 vero
495 777 574 828 provenit
583 776 651 828 spiritus
660 776 691 814 iste
700 775 760 822 malus,

73 836 168 882 iracundus,
177 847 248 882 amarus,
256 836 365 886 perniciosus,
373 836 402 887 qui
410 841 434 872 est
441 836 460 872 in
466 834 541 880 homine,
549 841 568 872 ut
575 834 646 872 habetur
653 834 672 870 in
678 838 695 878 9,
705 838 723 879 13
732 838 759 879 11,

74 898 92 938 13
106 898 133 939 12,
145 895 180 934 4-5.
199 893 266 939 Iterum,
280 898 295 939 7,
309 898 332 938 l:¹
340 892 444 931 “Diabolum
455 905 477 930 ne
488 892 574 930 timeas...
583 892 643 930 .Time
653 891 704 943 plane
715 891 760 930 facta

75 945 144 992 diaboli,
157 946 239 999 quoniam
251 946 326 996 maligna
338 951 384 984 sunt:
398 951 474 983 metuens
487 945 533 983 enim
545 946 646 991 Dominum,
659 944 732 991 timebis,
745 951 761 982 et

73 1015 124 1054 opera
137 1002 201 1042 diaboli
213 1015 248 1040 non
260 1002 317 1049 facies,
330 1002 360 1041 sed
372 1003 463 1041 abstinebis
475 1010 491 1040 te
503 1002 524 1040 ab
536 1004 577 1040 eis.'’
596 1004 655 1040 Fusius
667 1003 685 1039 in
699 1008 726 1048 12,
740 1008 757 1042 5:

76 1056 129 1095 “Non
138 1060 194 1108 potest
204 1054 288 1093 dominari
298 1056 317 1093 in
325 1055 360 1093 Dei
370 1067 431 1101 servos,
442 1056 472 1108 qui
482 1067 503 1093 ex
512 1055 552 1093 totis
561 1054 663 1108 praecordiis
672 1056 691 1092 in
700 1055 761 1093 Domi-

75 1126 117 1151 num
129 1113 204 1153 credunt.
223 1114 280 1151 Potest
292 1119 348 1152 autem
361 1112 438 1152 diabolus
451 1113 518 1159 luctari;
532 1113 562 1151 sed
573 1114 640 1152 vincere
653 1126 688 1151 non
700 1120 760 1165 potest.

76 1172 92 1208 Si
103 1173 150 1208 enim
161 1171 236 1209 resistitis
248 1171 279 1215 illi,
291 1171 347 1221 lugiet
358 1183 368 1207 a
378 1171 427 1209 vobis
438 1171 524 1208 confusus.
542 1172 590 1209 Nam
601 1172 704 1223 quicumque
714 1171 762 1222 pleni

75 1228 109 1267 fide
120 1241 155 1267 non
166 1234 209 1273 sunt,
221 1228 281 1266 timent
292 1227 384 1273 diabolum,
396 1228 444 1280 quasi
454 1233 554 1280 potestatem
564 1228 660 1267 habentem.
678 1228 761 1267 Diabolus

75 1286 122 1323 enim
134 1293 187 1324 tentat
199 1298 256 1323 servos
268 1286 308 1331 Dei,
321 1292 342 1330 et,
356 1286 370 1322 si
384 1286 468 1323 invenerit
479 1297 545 1330 vacuos,
559 1287 663 1323 exterminat.
672 1315 675 1323 .
684 1287 733 1324 ..Sic
745 1293 762 1323 et

76 1342 154 1381 diabolus
167 1342 215 1381 venit
229 1342 252 1380 ad
266 1342 345 1380 homines
360 1354 416 1380 servos
431 1343 471 1388 Dei,
479 1348 506 1379 ¹ut
520 1348 573 1380 tentet
588 1342 632 1380 illos.
653 1343 762 1395 Quicumque

74 1406 130 1439 autem
138 1401 185 1453 pleni
194 1406 233 1437 sunt
241 1399 281 1445 fide,
287 1400 366 1438 resistunt
374 1400 389 1437 ei
398 1399 473 1446 fortiter;
480 1407 496 1438 et
505 1399 534 1438 ille
543 1400 605 1438 recedit
613 1400 634 1439 ab
642 1401 671 1446 eis,
677 1401 717 1453 quia
725 1413 761 1439 non

76 1453 126 1492 habet
136 1454 193 1492 locum
204 1452 283 1491 intrandi.
301 1452 350 1491 Tunc
359 1452 407 1491 vadit
417 1452 439 1491 ad
450 1452 489 1491 illos
500 1453 530 1505 qui
541 1465 577 1491 non
587 1460 627 1491 sunt
637 1452 671 1491 fide
682 1453 735 1505 pleni,
746 1460 763 1492 et

76 1511 158 1563 quoniam
168 1509 219 1550 habet
231 1509 292 1556 locum,
306 1510 347 1548 inde
358 1510 409 1548 intrat
421 1511 440 1547 in
451 1510 499 1555 illos3
512 1516 529 1549 et
540 1523 656 1563 quaecumque
666 1511 708 1557 vult,
721 1511 763 1550 lacit

76 1571 115 1617 illis,
124 1579 141 1611 et
148 1572 191 1611 fiunt
199 1571 260 1610 famuli
268 1572 320 1611 eius.’'
334 1572 374 1611 Hoc
381 1571 419 1610 loco
427 1573 491 1624 optime
499 1571 591 1624 explicatur
599 1572 675 1612 doctrina
682 1572 763 1612 catholica

77 1635 98 1673 de
111 1635 175 1674 diaboli
186 1640 268 1685 potestate
281 1647 347 1673 necnon
359 1634 380 1672 de
393 1635 445 1672 modo
457 1647 492 1687 quo
504 1635 571 1673 homini
584 1635 677 1680 insidiatur,
689 1636 728 1682 viz,
741 1635 762 1673 ab

77 1697 183 1743 extrinsecas,
197 1695 300 1749 quandoque
315 1697 376 1735 “intrat
388 1697 407 1735 in
419 1695 469 1735 illos'¹
483 1696 561 1735 homines
575 1690 615 1750 i'qui
629 1709 664 1735 non
677 1703 716 1735 sunt
729 1696 763 1736 fide

77 1758 135 1811 pleni'’
150 1766 167 1797 et
181 1766 221 1797 tunc
236 1759 363 1811 “quaecumque
377 1758 419 1805 vult,
434 1758 476 1798 lacit
490 1758 530 1805 illis,
545 1764 562 1798 et
576 1759 620 1798 fiunt
633 1758 695 1798 famuli
709 1760 762 1806 eius‚'’

76 1822 109 1859 hoc
120 1828 149 1867 est,
161 1822 179 1859 in
190 1821 296 1872 possessione
307 1820 347 1859 reali
359 1827 376 1859 et
386 1821 454 1872 physica
464 1820 492 1859 vel
504 1821 522 1858 in
533 1822 639 1873 possessione
650 1822 708 1868 ethica,
721 1822 763 1860 sicut
778 1823 779 1826 ’

77 1882 98 1921 de
108 1896 146 1921 casu
156 1882 208 1922 Iudae
217 1894 267 1935 supra
277 1884 296 1920 in
305 1883 348 1921 thesi
359 1883 461 1935 explicatum
471 1888 500 1921 est.
531 1884 533 1887 '

118 1951 258 1991 CONCLUSIO.
265 1951 381 1989 -Contextu
393 1950 432 1990 libri
444 1950 514 1989 secundi
526 1952 599 1990 Pastoris
610 1952 634 1990 ita
646 1951 700 1990 fusius
713 1958 763 2005 atque

77 2013 153 2052 intimius
166 2013 247 2064 inspecto,
261 2014 348 2052 neminem
360 2011 412 2052 latere
424 2019 485 2065 potest,
499 2025 549 2051 sensu
562 2014 660 2065 simpliciter
673 2014 733 2053 morali
747 2022 763 2053 et

77 2075 168 2126 allegorico
179 2074 290 2125 intelligenda
300 2089 336 2115 esse
345 2074 396 2114 verba
406 2076 445 2114 ista:
458 2077 510 2114 “Duo
520 2082 560 2114 sunt
569 2076 625 2126 angeli
635 2090 674 2114 cum
684 2077 761 2116 homine:

77 2149 121 2174 unus
129 2136 207 2182 iustitiae,
216 2142 232 2173 et
240 2149 284 2174 unus
292 2136 393 2190 nequitiae.’'

205 2257 225 2306 2)
242 2258 323 2295 Hnnuas
332 2257 432 2295 Iuriuxus
442 2258 555 2295 axrnauaos
566 2259 638 2296 Suana?

89 2355 91 2357 ’
119 2357 144 2395 Eo
156 2357 196 2409 quia
208 2355 232 2393 sic
242 2354 353 2401 contenditur,
366 2356 449 2394 Hermam
459 2356 529 2410 virtutes
541 2362 557 2395 et
568 2357 609 2394 vitia
620 2355 642 2395 ad
653 2357 705 2395 instar
716 2358 764 2409 spiri·

78 2425 126 2456 tuum
138 2431 168 2456 seu
180 2416 279 2467 angelorum
291 2417 375 2456 bonorum
386 2418 414 2455 uel
426 2418 511 2456 malorum
523 2417 620 2469 depingere,
632 2418 764 2471 haudquaquam

77 2480 190 2533 consequitur,
208 2490 248 2516 eum
264 2490 333 2529 negasse
350 2477 428 2517 funditus
446 2479 552 2517 existentiam
569 2480 660 2531 spirituum
676 2492 762 2532 purorum.

79 2541 150 2588 Tamen,
159 2539 230 2594 quidam
238 2542 339 2586 Protestans,
349 2547 446 2591 praenotata
456 2541 500 2580 dicta
509 2540 641 2593 praedilectione
651 2543 725 2581 Hermae
734 2554 766 2595 pro

81 2598 256 2650 ¹¹hypostatisatione,¹¹
271 2598 295 2634 uti
310 2598 338 2643 ait,
352 2610 382 2635 seu
395 2599 542 2649 personifi'catione
554 2599 637 2638 virtutum
650 2606 666 2638 et
679 2601 764 2646 vitiorum,

80 2660 176 2698 motionmn
186 2658 331 2711 concupiscentiae
341 2657 396 2697 bonae
406 2666 423 2698 et
432 2671 498 2713 pravae,
510 2659 561 2698 talem
571 2661 657 2699 immerito
666 2662 717 2700 trahit
727 2675 766 2701 con-
