1657 3045
250 146 350 184 Danuoua
364 147 506 184 inruonaronn
700 148 721 184 33

36 289 110 334 semper
121 275 226 333 protexerit
237 274 349 317 vinceretur.
368 274 400 317 De
412 272 462 331 Juda
474 288 552 334 quoque
563 271 638 324 dicitur,
651 278 671 314 et
682 268 722 313 aaa·

36 348 91 394 bolus
99 357 136 390 stet
145 364 157 390 a
166 345 238 390 dextris
248 348 307 390 eiar.’'
324 349 389 402 Quam
399 362 468 406 parum
477 349 514 390 hoc
524 347 611 390 Cassiani
622 359 722 402 argumen-

36 432 77 466 tum
86 435 110 463 ex
119 420 214 478 Scriptura
223 419 292 470 valeat,
302 434 360 463 nemo
369 427 397 462 est
406 422 439 479 qui
448 435 488 463 non
496 420 555 463 videt.
571 419 655 463 Nam-in
665 431 723 460 asser-

21 498 23 500 ’
37 498 89 540 tione
99 493 123 536 de
133 493 206 552 duplici
216 493 280 551 angeli
289 493 439 552 comprobanda,
450 494 475 537 acl
484 495 558 537 malum
568 493 660 551 angelum
670 490 724 550 quod

37 569 110 618 attinet,
121 566 244 610 solummodo
254 581 319 610 casum
327 565 363 624 Job
373 575 391 609 et
399 567 460 623 Judae
473 567 512 627 (Pr.
524 573 560 610 108
571 567 594 627 6)
607 579 724 610 commemo-

37 647 71 692 rat,
81 638 182 699 subitoque
191 638 253 684 addit:
264 640 308 683 “De
316 639 402 699 utrisque
410 654 456 683 vero
465 639 512 684 liber
520 641 603 683 Pastoris
610 639 724 700 plenissime

38 714 111 757 docet.’'
127 714 212 756 Textum
222 713 246 756 de
255 712 305 769 Juda
313 715 355 772 ipse
364 714 382 756 S.
392 715 459 757 Petrus
472 712 532 772 (Acta
541 714 579 772 Ap.
591 713 635 774 tjd)
649 712 721 755 citavit:

39 787 93 830 “Viri
102 785 176 837 tratres,
186 793 263 845 oportet
272 788 350 845 impleri
360 788 482 845 Scripturam,
493 802 552 845 quam
562 787 657 845 praedicit
668 787 724 845 Spiri-

39 869 68 904 tus
79 861 158 902 Sanctus
168 873 202 918 per
212 874 234 902 os
244 860 310 903 David
321 861 345 903 de
355 860 423 916 Juda.''
441 862 539 911 Attamen,
550 862 599 903 nihil
610 861 689 903 omnino
701 859 725 902 de

39 932 134 976 daemone
143 933 246 991 unicuique
256 934 348 976 continuo
358 932 474 976 adhaerente
485 949 508 976 ex
517 934 547 976 his
558 932 633 976 duobus
643 932 725 975 textibus

38 1013 102 1067 potest
118 1006 193 1058 deduci,
210 1008 258 1050 sicut
274 1007 377 1067 probatum
394 1015 422 1051 est
438 1021 495 1067 supra
514 1007 558 1068 (pp.
577 1006 629 1067 528).
650 1007 725 1049 Relicta

39 1080 97 1139 igitur
108 1079 149 1122 sola
161 1081 273 1123 auctoritate
283 1080 373 1131 Pastoris,
385 1081 433 1140 quid
443 1082 489 1123 novi
500 1080 524 1124 ad
535 1079 642 1123 favendum
653 1086 726 1122 senten-

40 1155 77 1196 tiae
91 1154 123 1195 isti
137 1169 161 1196 ex
174 1155 267 1196 Cassiano
281 1155 361 1196 minime
374 1154 461 1198 habetur
482 1157 554 1197 lterum
569 1162 639 1205 autem,
654 1155 674 1195 in
689 1153 727 1195 alia

40 1226 144 1269 collatione
153 1225 258 1273 cassianitt
267 1226 345 1285 legitur:
357 1226 464 1271 “Adiacere
474 1235 539 1270 autem
547 1227 623 1270 homini
632 1227 653 1270 in
662 1240 728 1285 quam·

41 1298 88 1343 libet
104 1307 179 1358 partem
196 1300 268 1344 arbitrii
285 1300 393 1345 libertatem
411 1303 469 1345 etiam
486 1300 534 1344 liber
552 1300 591 1352 ille,
609 1301 643 1359 qui
660 1299 728 1342 dicitur

40 1376 128 1426 Pastor-is,
138 1376 257 1434 apertissime
265 1374 326 1425 docet,
334 1376 402 1432 inquo
410 1374 449 1416 duo
458 1374 522 1432 angeli
530 1374 633 1432 unicuique
641 1380 728 1415 nostrum

10 1445 11 1449 ’
43 1447 146 1491 adhaerere
162 1446 256 1500 dicuntur,
272 1446 292 1490 id
307 1455 335 1491 est
350 1445 412 1491 bonus
428 1462 449 1490 ac
463 1447 533 1499 malus,
549 1446 569 1488 in
583 1446 668 1489 hominis
682 1460 728 1489 vero

42 1522 122 1581 optione
137 1522 246 1574 consistere,
263 1529 285 1564 ut
301 1521 361 1580 eligat
377 1536 436 1580 quern
451 1521 560 1580 sequatur.''
584 1521 660 1564 Notare
675 1520 729 1562 iuvat

42 1596 135 1639 Cassiano
143 1595 219 1655 placere
228 1595 336 1638 doctrinam
345 1594 369 1637 de
378 1594 452 1654 duplici
461 1595 531 1653 angelo
540 1608 574 1654 per
582 1593 663 1637 modum
672 1594 729 1636 unius

44 1668 155 1727 ‘'probare'’
170 1667 217 1710 dum
230 1671 319 1720 Hermas,
334 1675 416 1720 econtra,
430 1670 463 1728 qui
478 1668 515 1711 “de
528 1669 625 1727 utrisque.
635 1701 638 1709 .
648 1667 729 1726 ‚plenis-

43 1743 90 1784 sime
103 1741 177 1792 docet‚”
191 1743 286 1800 principio
300 1741 324 1786 de
336 1742 414 1800 gemino
428 1742 498 1799 angelo
510 1748 588 1794 statuto,
602 1742 729 1785 characterem

44 1820 62 1857 et
71 1828 131 1873 opera
140 1822 181 1858 tum
189 1814 236 1859 boni
246 1822 287 1858 turn
295 1815 342 1858 mali
352 1814 416 1872 angeli
426 1815 529 1858 successive
539 1813 633 1858 describit.

84 1897 112 1939 Ex
125 1897 177 1940 hisce
190 1898 256 1955 paucis
270 1895 332 1941 verbis
346 1904 398 1939 certo
412 1905 493 1949 constat,
508 1897 622 1941 Cassianum
636 1896 731 1940 eiusmodi

45 1971 151 2012 sententiae
164 1969 188 2012 de
200 1969 274 2028 duplici
287 1971 356 2027 angelo
370 1971 457 2028 singulos
469 1971 558 2013 homines
571 1972 676 2013 comitante
689 1969 732 2014 sub·

45 2043 147 2102 scripsisse.
163 2043 181 2086 Si
190 2050 255 2087 autem
264 2044 373 2095 sciscitatur,
383 2043 482 2102 quomodo
492 2043 516 2087 ad
525 2059 568 2088 eam
577 2043 732 2104 amplectendam

45 2122 158 2177 pervenerit,
168 2128 233 2179 posset
243 2122 357 2172 coniectura,
367 2120 504 2179 probabilitate
512 2136 553 2164 non
563 2130 644 2173 carente,
655 2136 733 2181 respon-

47 2195 97 2249 dere,
112 2196 165 2257 quod
180 2212 223 2240 eam
237 2214 249 2241 a
261 2198 361 2241 monachis
376 2198 491 2257 aegyptiacis
505 2200 603 2258 receperit,
618 2199 671 2259 apud
684 2214 733 2259 quos

46 2275 165 2332 permultos
178 2290 239 2318 annos
252 2283 381 2318 commoratus
395 2284 441 2318 erat.
461 2277 569 2328 Enimvero,
584 2292 608 2320 ex
620 2292 659 2320 una
673 2281 733 2336 parte,

47 2340 114 2394 Patior
124 2354 209 2395 Hermae
220 2367 279 2412 penes
289 2352 334 2395 illos
345 2351 378 2395 abs
388 2352 448 2397 dubio
458 2352 508 2397 bene
519 2354 676 2411 cognoscebatur,
687 2354 735 2398 durn

48 2429 153 2472 secundum
163 2430 181 2471 S.
192 2431 333 2485 Hieronymum
345 2429 407 2472 ferme
417 2432 496 2488 ignotus
506 2438 546 2474 erat
558 2432 610 2490 apud
621 2433 698 2483 latinos,
710 2439 734 2482 et,

48 2519 72 2547 ex
86 2506 123 2548 alia
136 2506 321 2566 parte-huiusmodi
335 2505 454 2551 Collatinum
467 2509 516 2551 nihil
530 2508 583 2552 aliud
595 2516 645 2561 sunt,
658 2510 695 2553 nisi
708 2524 735 2553 re-

49 2684 69 2719 49
80 2642 115 2720 933.
124 2642 164 2675 Coll.
176 2647 193 2678 13
206 2653 218 2676 c,
230 2648 253 2683 12,
265 2644 320 2683 CSEL„
331 2655 343 2677 s.
354 2653 366 2677 c,
377 2645 428 2683 XVll,
440 2648 513 2685 380-381;
524 2647 585 2685 Hurter,
596 2645 621 2685 ib,
632 2656 648 2688 p.
659 2647 696 2686 lan
708 2648 735 2680 PL
