1657 3045
345 135 445 173 Asnaumx
716 136 738 172 87

50 263 69 300 in
80 275 108 301 cor
119 268 173 309 tuum,
185 263 226 301 scito
238 262 285 316 quod
296 261 367 314 angelus
378 262 451 301 iustitiae
462 269 518 301 tecum
529 268 560 300 est:
573 262 614 300 huic
624 273 666 312 ergo
677 259 738 311 angelo

49 320 99 361 crede
110 327 126 360 et
138 321 217 375 operibus
228 321 280 361 eius’'
299 321 351 368 Dein,
362 322 395 360 DE
406 321 475 361 MALO
487 321 593 361 ANGELO:
607 319 681 372 “Accipe
693 330 738 357 nunc

50 387 67 419 et
78 379 134 432 angeli
146 380 231 434 nequitiae
243 393 299 434 opera.
317 379 394 419 Primum
406 393 476 427 amarus,
488 378 583 427 iracundus,
597 384 614 417 et
624 377 697 417 stolidus
708 382 738 422 est,

50 445 67 476 et
76 449 127 489 opera
135 437 182 476 illius
191 439 285 490 perniciosa
294 445 338 483 sunt,
348 445 365 476 et
373 444 450 476 evertunt
458 450 514 477 servos
524 438 563 476 Dei.
579 440 623 476 Cum
632 450 673 487 ergo
682 437 701 475 in
709 448 738 474 cor

26 516 28 518 ·
51 502 100 533 tuum
111 495 216 533 ascenderint
226 496 272 542 haec,
284 495 369 546 intelliges
380 495 401 534 ab
412 496 491 547 operibus
502 495 543 541 eius,
555 495 601 533 hunc
612 507 647 532 esse
659 492 740 544 angelum

50 548 140 601 nequitiae.
159 549 180 586 Et
192 547 227 586 dixi
240 548 263 600 ei:⁴
276 551 316 598 Quo
328 548 386 594 modo,
399 548 473 595 domine,
486 548 592 599 intelligam?
611 546 663 592 Audi,
676 547 738 599 inquit,

51 612 67 644 et
77 605 159 656 intellige.
176 607 221 644 Cum
230 606 316 645 iracundia
326 605 357 645 tibi
368 606 453 645 accesserit
463 613 491 645 aut
501 605 601 653 amaritudo,
612 604 689 656 intellige
699 616 739 643 eum

51 664 70 701 in
81 669 98 701 te
109 674 151 701 esse:
165 663 228 701 deinde
239 663 322 716 cupiditas
333 663 427 702 multorum
437 674 508 715 operum
519 669 536 701 et
547 664 652 715 optimorum
662 662 738 701 ciborum

51 728 67 759 et
78 720 178 760 ebrietatum
188 727 205 759 et
215 722 311 772 appetentia
321 721 413 759 multarum
424 734 480 758 rerum
491 721 589 766 alienarum,
600 727 617 758 et
628 719 711 771 superbia,
722 725 739 756 et

51 773 164 827 multiloquia,
170 780 187 813 et
195 774 265 813 ambitio
273 781 289 813 et
309 787 413 828 uaecumque
420 774 441 812 iis
449 774 511 812 similia
518 780 562 812 sunt.
571 775 618 812 Haec
625 785 666 824 ergo
674 785 712 812 cum
720 772 738 810 in

49 840 78 865 cor
88 833 136 864 tuum
147 827 257 873 ascenderint,
268 788 345 877 intellige
356 827 436 878 angelum
446 828 532 880 nequitiae
542 833 598 865 tecum
608 839 648 864 esse.
659 826 687 864 Tu
696 837 737 876 ergo

51 892 90 919 cum
99 880 198 930 cognoveris
208 891 259 932 opera
268 880 320 926 illius,
330 879 389 918 recede
398 880 419 919 ab
428 879 463 918 illis
472 880 556 925 omnibus,
566 885 583 918 et
592 878 671 932 nihililli
680 878 737 925 crede3

53 932 93 985 quia
102 932 147 969 mala
157 939 196 970 sunt
206 944 258 983 opera
267 933 319 978 illius,
330 938 347 970 et
357 945 393 970 non
402 933 506 970 conveniunt
516 944 564 970 servo
574 932 614 970 Dei.
631 931 689 970 Habes
699 943 740 981 ergo

52 995 162 1042 utrorumque
175 989 274 1040 angelorum
288 990 356 1042 opera.’'
376 991 440 1028 Iterum
452 990 484 1028 DE
497 990 567 1029 BONO
579 989 686 1029 ANGELO:
702 990 739 1026 ''In-

52 1047 111 1099 tellige
124 1061 174 1094 nunc,
189 1054 206 1086 et
219 1046 268 1086 crede
281 1047 343 1099 angelo
356 1048 434 1094 iustitiae,
449 1048 489 1100 quia
503 1046 579 1086 doctrina
592 1046 638 1085 illius
651 1046 697 1086 bona
710 1054 739 1085 est.

52 1106 99 1144 Licet
110 1106 157 1143 enirn
169 1105 277 1144 felicissimus
289 1107 311 1144 sit
322 1106 381 1156 homo,
394 1112 411 1144 et
423 1106 503 1156 cogitatio
514 1105 582 1144 alterius
594 1105 651 1156 angeli
663 1105 741 1143 ascendat

53 1164 72 1201 in
85 1175 114 1202 cor
129 1163 184 1209 illius,
199 1169 266 1215 oportet
280 1163 330 1201 illum
344 1164 400 1201 virum
414 1169 443 1200 aut
457 1162 546 1200 mulierem
560 1175 632 1215 peccare.
654 1162 670 1201 Si
685 1169 741 1200 autem

53 1220 104 1261 etiam
111 1221 225 1275 nequissimus
232 1221 258 1261 vir
266 1221 318 1261 fuerit
325 1227 354 1260 aut
361 1220 428 1268 mulier,
436 1227 453 1260 et
461 1219 566 1261 ascenderint
573 1221 592 1260 in
599 1234 628 1261 cor
635 1220 681 1261 illius
690 1232 741 1273 opera

54 1279 110 1331 angeli
120 1279 198 1326 iustitiae,
209 1292 276 1318 necesse
286 1286 315 1325 est,
326 1279 376 1317 illurn
386 1285 415 1317 aut
424 1279 473 1317 illam
482 1278 549 1333 aliquid
558 1278 600 1317 boni
610 1279 670 1317 lacere.
687 1277 741 1316 Vides

54 1351 95 1388 ergo
106 1336 154 1390 quod
165 1336 231 1377 bonum
242 1343 272 1384 est,
285 1337 365 1388 angelum
377 1337 450 1375 iustitiae
462 1337 515 1390 sequi.
534 1337 551 1375 Si
563 1350 604 1388 ergo
615 1337 665 1374 illum
676 1342 741 1376 secutus

54 1394 112 1443 fueris,
123 1401 140 1434 et
148 1394 239 1435 credideris
249 1395 329 1448 operibus
338 1395 389 1442 illius,
399 1394 446 1434 vives
455 1396 501 1434 Deo:
512 1395 567 1448 etqui
577 1393 679 1434 crediderint
687 1394 741 1447 operi-

53 1453 85 1492 bus
93 1453 144 1498 illius,
153 1454 212 1491 vivent
220 1454 276 1491 Dm„

96 1525 143 1563 ALII
151 1525 243 1564 TEXTUS
251 1526 279 1565 IN
286 1526 374 1575 QUIBUS
381 1526 476 1564 DUPLEX
483 1524 527 1564 VIA
535 1525 741 1565 PERSONIFICA'IUR.

54 1584 104 1620 -ln
122 1583 231 1635 sequentibus
249 1583 368 1622 inhaesitanter
385 1583 502 1634 agnoscendus
519 1588 544 1620 est
561 1582 689 1635 parallelismus,
707 1583 742 1621 sive

54 1639 111 1694 quoad
125 1640 211 1692 duplicem
223 1640 304 1690 angelum
316 1653 346 1678 seu
358 1641 404 1678 viam
417 1641 452 1677 sive
465 1640 521 1693 quoad
534 1641 622 1693 utriusque
634 1651 690 1691 opera,
703 1652 742 1678 curn

55 1697 158 1750 suprarelato
170 1703 222 1736 textu.
234 1699 282 1736 Man.
296 1703 311 1744 1,
324 1702 342 1735 1:
357 1697 428 1736 uAbiice
440 1697 469 1736 abs
481 1704 497 1736 te
509 1709 578 1736 omnem
590 1697 743 1749 concupiscentiam

54 1757 71 1789 et
79 1751 173 1803 nequitiam
182 1757 199 1790 et
207 1749 260 1789 indue
268 1752 348 1789 virtutem
357 1752 446 1789 iustitiae.''
462 1753 531 1803 Semper
540 1758 658 1803 comparantur
667 1752 742 1804 nequitia

55 1815 72 1846 et
85 1808 148 1846 iustitia
162 1814 179 1846 et
193 1814 279 1860 tamquam
292 1809 362 1846 virtutes
376 1807 503 1860 personificatae
516 1808 606 1859 allegorice
621 1808 741 1848 describuntur,

54 1869 102 1905 Man.
114 1871 130 1912 2,
144 1871 161 1905 1:
175 1867 280 1905 “Perniciosa
290 1873 314 1905 est
326 1865 412 1905 detractio:
425 1867 522 1905 inconstans
533 1865 643 1905 daemonium
652 1874 682 1913 est,
694 1879 742 1905 num-

55 1937 107 1977 quam
115 1924 134 1961 in
142 1935 183 1976 pace
191 1924 272 1970 consistit,
282 1923 312 1962 sed
320 1936 386 1976 semper
394 1924 413 1961 in
422 1923 506 1962 discordia
514 1925 587 1963 manet.'’
602 1927 651 1963 Man.
660 1927 676 1970 4,
688 1931 705 1963 1:
715 1926 743 1962 De

55 1981 139 2020 adulterio
150 1988 167 2021 et
179 1981 277 2020 “desideriis
288 1981 389 2020 mulierum''
402 1982 432 2020 ait:
446 1983 474 2020 ”Si
486 1982 532 2021 enim
542 1982 584 2021 haec
594 1983 674 2033 cogitatio
685 1982 704 2020 in
715 1995 743 2021 cor

55 2045 104 2077 tuum
111 2038 205 2077 ascenderit
212 2045 247 2077 tam
255 2039 304 2085 mala,
313 2051 395 2089 magnum
402 2045 488 2091 peccatum
496 2039 543 2077 facis.
558 2040 578 2078 Et
586 2041 615 2092 qui
623 2040 664 2078 haec
672 2040 742 2084 faciunt,

55 2097 101 2133 viam
113 2097 172 2134 mortis
185 2097 294 2148 sequuntur.¹'
314 2097 334 2132 in
348 2097 363 2142 6,
378 2102 394 2142 2,
406 2108 452 2142 vero,
466 2095 565 2148 simpliciter
577 2109 608 2135 ceu
622 2096 702 2148 “angelus
715 2109 743 2134 ne·

56 2154 129 2207 quitiae”
141 2151 248 2192 describitur!

97 2225 234 2265 IRACUNDIA
249 2225 375 2274 TANQUAM
391 2226 501 2265 ANGELUS
516 2227 711 2276 NEQUITIAE.-ln
726 2232 742 2272 5,
789 2226 792 2230 ’

58 2288 73 2329 1,
89 2282 149 2335 incipit
163 2283 211 2336 loqui
227 2282 249 2321 de
264 2283 335 2335 ”spiritu
349 2283 489 2336 aequanimitatis,
506 2284 607 2336 patientiae’
624 2290 743 2337 quemvocat,

57 2337 105 2376 sicuti
114 2342 130 2375 et
138 2336 179 2376 alias
186 2337 256 2376 virtutes
265 2337 323 2384 bonas,
333 2337 422 2389 ¹‘spiritum
430 2339 526 2385 sanctum”;
535 2338 568 2378 hoc
576 2345 637 2385 autem,
646 2340 671 2378 uti
679 2352 700 2378 ex
708 2345 744 2378 toto

56 2401 135 2433 contextu
147 2395 215 2441 eruitur,
228 2408 259 2433 nec
271 2394 293 2433 de
305 2395 368 2446 Spiritu
380 2396 440 2434 Sancto
452 2409 483 2434 nec
494 2396 516 2434 de
528 2397 589 2447 angelo
600 2396 647 2435 bono
659 2397 743 2448 personali

56 2452 129 2503 intelligi
146 2458 206 2503 potest.
230 2451 358 2506 ‘'Aequanimis
375 2453 436 2505 inquit,
453 2459 494 2500 esto,
511 2459 528 2491 et
543 2455 617 2505 patiens;
634 2460 651 2492 et
666 2455 744 2493 omnium

56 2522 128 2563 operum
142 2511 285 2563 nequissimorum
299 2509 418 2556 dominaberis,
433 2516 450 2549 et
464 2510 560 2563 operaberis
574 2525 644 2550 omnem
657 2512 743 2551 iustitiam,

57 2568 110 2617 Quod
120 2568 134 2606 si
144 2569 210 2618 patiens
221 2568 279 2614 fueris,
291 2569 359 2619 spiritus
370 2571 436 2607 sanctus
446 2570 476 2621 qui
487 2569 551 2608 habitat
561 2571 611 2616 inte,
622 2571 697 2609 mundus
707 2572 744 2617 erit,

58 2631 75 2664 et
83 2638 119 2663 non
128 2623 244 2663 obscurabitur
252 2624 274 2664 ab
283 2625 341 2678 aliquo
350 2626 455 2678 nequissimo
464 2626 532 2678 spiritu;
543 2626 574 2664 sed
583 2627 659 2678 gaudens
669 2628 746 2666 dilatabi-

57 2685 84 2717 tur
92 2678 111 2716 in
118 2690 157 2716 vase
166 2678 184 2716 in
192 2691 227 2730 quo
235 2678 322 2725 inhabitat,
332 2684 350 2717 et
355 2678 443 2731 apparebit
451 2680 529 2719 Domino
536 2679 595 2720 hilaris
602 2682 621 2719 in
628 2693 669 2733 pace
677 2695 743 2733 magna.
