1657 3045
348 131 448 169 Aussrvnrx
718 132 740 171 91

52 258 159 298 clusionem,1
174 258 221 297 Talis
236 257 323 297 tendentia
337 258 432 296 communis
446 263 471 296 est
485 257 543 295 multis
558 255 694 302 Protestantibus,
710 256 740 308 qui

53 317 160 355 existentiam
173 316 260 368 physicam
273 317 363 368 spirituum
376 327 458 367 purorum
472 327 533 366 negare
547 326 578 366 pro
592 314 656 353 viribus
670 319 740 358 tentant,

53 381 70 413 et
79 375 122 413 sicut
131 374 152 413 de
162 373 226 413 casibus
236 374 347 426 possessionis
357 373 474 411 daemoniacae
484 374 503 411 in
511 374 535 412 N.
545 372 572 418 T,
581 373 621 411 huic
630 371 741 424 praeliudicio

54 431 169 477 conformiter,
182 430 270 470 diabolum
281 438 367 484 tamquam
378 426 543 482 personificationem
554 429 600 475 mali,
612 429 668 468 ideam
679 440 741 481 nempe

23 513 25 515 ·
55 488 158 535 abstractam,
170 488 275 541 profitentur.
287 490 327 526 Hoc
336 487 389 526 modo
401 488 422 526 de
432 490 496 526 Herma
507 488 569 526 sentire
579 487 646 525 videtur
657 487 742 524 Henricus

53 546 137 592 Weinel,²
146 547 176 599 qui
185 547 269 584 motiones
278 547 363 599 psychicas
372 546 435 598 ubique
444 546 539 597 intelligere
547 545 589 592 vult,
599 544 741 598 quandocumque

54 615 109 643 sermo
116 604 136 642 fit
144 604 165 642 de
172 604 259 656 spiritibus
266 616 296 643 seu
303 604 373 656 angelis.
387 605 434 642 Bene
440 616 481 643 vero
488 603 561 656 explicat
567 604 599 642 iste
606 609 668 648 auctor,
676 601 741 654 psychi-

54 674 91 700 cam
105 662 227 713 experientiam
241 662 316 700 hominis
330 662 390 713 primis
405 661 509 712 temporibus
523 661 576 699 modo
589 660 664 711 generali
679 666 696 697 et
710 659 741 696 im-

53 719 143 771 personali,
158 730 188 770 per
203 718 275 769 figuram
289 730 351 770 nempe
365 718 438 772 duplicis
452 719 494 763 viae,
510 718 563 755 fuisse
577 717 682 768 descriptam,
697 717 740 754 sicut

54 771 130 823 primum
142 770 206 809 factum
218 777 243 809 est
255 772 274 808 in
285 769 368 809 Didache.
387 772 451 816 Postea,
464 770 518 822 magis
530 776 613 816 concreto,
626 769 691 808 bonum
703 780 742 806 cum

55 829 101 868 bono
113 829 175 879 angelo
188 829 256 867 Christo
268 828 391 867 identificatam
403 834 432 874 est,
446 827 510 865 malum
522 840 562 865 vero
574 840 613 865 cum
625 827 694 865 diabolo
710 827 743 876 (sic

56 885 101 938 apud
111 886 224 935 Barnabam),
233 885 330 938 usquedum
339 896 391 937 penes
400 887 483 922 Hermam
492 891 509 923 et
518 885 595 935 singulae
604 885 650 936 ipsae
659 884 742 922 motiones

56 943 128 996 duplicis
137 944 175 982 viae
184 945 203 981 in
213 944 268 996 specie
278 950 365 996 tamquam
374 942 442 995 spiritus
452 942 494 982 boni
503 942 531 980 vel
540 942 582 980 mali
592 942 687 980 enuntiatae
697 947 741 979 sunt.

55 1002 141 1047 Attamen,
156 1001 252 1039 nullimode
266 1001 328 1039 exinde
342 1000 479 1038 concludendum
493 1006 522 1045 est,
537 1001 644 1038 existentiam
657 1000 743 1050 physicam

56 1059 156 1110 angelorum
165 1065 182 1097 et
191 1057 294 1097 daemonum
303 1058 324 1097 ab
333 1058 367 1097 illis
376 1058 466 1110 primaevis
476 1057 584 1109 scriptoribus
594 1063 672 1108 negatam
681 1056 742 1095 fuisse!

97 1127 366 1176 GNOSTICISMUS?—-Quia
378 1133 434 1165 autem
446 1128 519 1165 Hermas
532 1126 644 1178 descriptione
657 1124 744 1163 dualistica

56 1186 75 1222 in
87 1185 122 1222 vita
135 1184 196 1222 morali
208 1185 299 1222 hominum
313 1183 414 1221 delineanda
426 1196 466 1221 usus
479 1189 508 1229 est,
522 1183 571 1221 nefas
584 1184 656 1221 omnino
669 1189 693 1221 est
706 1195 743 1220 eam

56 1248 125 1295 propter
143 1243 226 1280 rationem
243 1241 349 1291 concludere,
367 1241 534 1291 eumGnosticismi
552 1240 604 1279 errori
622 1240 743 1292 subscripsisse.

56 1300 108 1345 Nam,
122 1313 143 1337 ex
154 1299 266 1337 similitudine
278 1305 347 1336 externa
359 1305 375 1336 et
386 1298 462 1349 generali
474 1311 510 1335 non
521 1299 613 1335 necessarie
626 1297 744 1335 deducendum

56 1355 111 1394 estad
120 1356 226 1394 identitatem
235 1357 288 1407 ipsius
297 1357 329 1393 rei!
346 1355 415 1401 idcirco,
425 1361 514 1407 propterea
523 1355 570 1407 quod
578 1355 638 1392 similis
648 1360 673 1392 est
682 1354 743 1392 dualis·

55 1421 93 1447 mus
105 1408 159 1447 luctae
172 1409 215 1448 inter
227 1407 292 1448 bonum
305 1415 321 1446 et
333 1408 397 1445 malum
409 1408 430 1447 ab
442 1408 512 1446 homine
524 1406 648 1453 conducendae,
661 1408 704 1445 sicut
715 1420 742 1445 ex-

57 1461 128 1513 plicatae
137 1474 147 1499 a
156 1462 226 1507 Herma,
236 1474 272 1499 non
281 1474 301 1499 eo
311 1461 349 1512 ipso
358 1461 438 1513 sequitur,
448 1473 488 1498 eum
496 1461 540 1498 tueri
549 1460 653 1499 dualismum
662 1460 744 1499 doctrina-

57 1519 92 1557 lem
104 1518 205 1557 Mazdeismi
217 1518 245 1557 vel
258 1519 373 1557 Gnosticismi.
393 1518 488 1564 Enimvero,
501 1519 579 1564 Hermas,
592 1518 635 1556 sicut
647 1519 745 1556 inconcusse

58 1590 79 1615 ex
91 1577 160 1615 Pastore
172 1575 228 1622 claret,
241 1576 312 1614 minime
326 1574 374 1614 docet
386 1575 450 1613 malum
463 1588 498 1614 esse
511 1574 553 1629 quid
565 1575 658 1622 essentiale,
672 1588 706 1622 seu,
719 1588 745 1614 res

58 1641 120 1673 creatas
133 1648 154 1673 ex
166 1641 225 1672 natura
238 1647 274 1672 esse
287 1634 344 1679 malas,
358 1634 388 1672 sed
400 1633 499 1685 simpliciter
511 1634 581 1685 ponitur
593 1634 646 1672 homo
659 1647 668 1672 a
681 1636 745 1671 Herma

58 1692 101 1731 liber
112 1705 133 1730 ex
145 1698 204 1729 natura
216 1698 232 1730 et
244 1691 297 1730 libere
308 1691 390 1729 electurus
402 1691 445 1729 inter
458 1689 543 1742 duplicem
554 1690 626 1729 modum
641 1691 692 1744 (quid
704 1692 745 1729 acci·

60 1748 145 1799 dentale!)
159 1750 208 1795 vitae,
219 1749 257 1795 viz,
269 1749 312 1786 inter
322 1748 387 1787 bonum
396 1753 413 1786 et
423 1748 492 1786 malum.
509 1749 557 1787 Haec
566 1754 622 1787 autem
632 1761 668 1787 nou
678 1755 703 1787 est
713 1749 745 1786 nisi

58 1807 134 1846 doctrina
142 1808 195 1859 ipsius
204 1808 261 1845 Sacrae
269 1807 367 1857 Scripturae.
383 1807 477 1852 Caeterum,
486 1806 553 1844 nullum
561 1819 596 1844 esse
603 1813 659 1858 potest
668 1806 744 1851 dubium,

59 1860 102 1914 quin
117 1861 190 1897 Hermas
206 1859 227 1897 de
242 1860 281 1896 Deo
297 1871 337 1905 uno,
354 1860 437 1905 Creatore,
454 1857 568 1912 Redemptore
583 1865 599 1897 et
614 1860 746 1897 Remuneratore

59 1924 103 1956 recte
113 1918 184 1956 omnino
193 1924 210 1955 et
220 1917 301 1960 catholice
310 1918 385 1955 senserit.

100 1985 379 2025 MONTANISMUsa-Prout
398 1984 480 2023 accusatio
499 1984 520 2023 de
539 1985 654 2023 Gnosticismo
672 1987 746 2024 Hermae

60 2043 107 2081 illata
117 2055 185 2097 prorsus
196 2049 221 2081 est
232 2042 327 2089 reiicienda,
338 2043 362 2080 ita
372 2042 427 2089 etiam,
439 2048 456 2080 et
466 2041 533 2089 fortius,
544 2042 566 2081 de
576 2042 698 2082 Montanismo.
716 2044 746 2082 Aa·

60 2108 122 2146 tamen,
134 2101 207 2138 forsitan
218 2114 239 2137 ex
249 2102 282 2137 hoc
293 2101 366 2151 praecise
378 2101 432 2150 capite
443 2100 503 2137 melius
515 2107 571 2151 potest
582 2107 701 2150 argumentum
711 2095 760 2150 moy

60 2156 125 2210 dusque
133 2156 217 2195 scribendi
225 2157 244 2194 in
252 2158 320 2194 Pastore
328 2156 454 2208 comprehendi.
469 2158 521 2203 Nam,
530 2157 624 2195 admittitur
632 2158 653 2197 ab
662 2157 745 2202 omnibus,

61 2216 148 2260 Hermam,
158 2216 222 2252 Romae
232 2213 327 2265 degentem,
337 2213 401 2253 librum
410 2226 460 2252 suum
469 2225 501 2267 pro
511 2215 579 2253 Graecis
589 2221 606 2253 et
614 2227 674 2266 graeco
683 2215 748 2254 calamo
763 2233 765 2239 v

103 2335 117 2364 1.
128 2333 154 2370 lta,
166 2331 194 2364 Dr,
207 2332 222 2363 F.
234 2332 249 2364 5,
261 2329 348 2362 Maclrenzie
360 2331 413 2362 citatur
424 2332 441 2362 in
453 2330 535 2371 appendice
546 2342 555 2363 a
567 2332 633 2372 Kirsopp
645 2331 689 2370 Lake,
701 2331 748 2366 aava·

62 2372 110 2407 marks
119 2373 135 2406 in
145 2371 170 2406 the
179 2373 241 2414 History
250 2372 266 2414 οἰ
275 2371 318 2414 Early
328 2371 424 2414 Christianity
435 2373 483 2415 (New
492 2373 535 2407 York
545 2374 592 2415 1922)
604 2384 619 2416 pr
630 2379 664 2409 107:
676 2376 748 2408 “Hermas

60 2416 96 2449 does
106 2421 137 2454 not,
147 2417 164 2447 in
173 2415 208 2454 fact,
218 2425 286 2456 preserve
296 2426 324 2455 any
333 2416 371 2447 clear
381 2415 468 2448 distinction
478 2415 544 2448 between
554 2418 603 2457 spirits
614 2417 643 2449 and
653 2417 708 2457 angels.
723 2419 748 2451 He

61 2458 117 2491 reveals
129 2457 221 2498 throughout
233 2469 252 2490 an
264 2456 366 2491 undoubtable
377 2457 448 2490 fondness
460 2457 485 2490 for
496 2458 624 2499 hypostatisation.
642 2460 682 2492 Even
693 2460 748 2492 virtues

62 2500 91 2533 and
104 2500 148 2538 vices,
162 2501 235 2533 emotions
248 2499 277 2533 and
290 2500 362 2541 passions,
375 2510 400 2532 are
412 2499 488 2534 described
500 2512 516 2533 as
529 2502 579 2542 spirits
591 2513 609 2534 or
621 2501 683 2535 demons
695 2513 711 2535 as
723 2503 749 2535 the

60 2553 93 2575 case
104 2553 138 2583 may
148 2540 171 2581 be,
183 2542 212 2575 and
224 2541 280 2583 spoken
291 2541 308 2575 oi
319 2553 334 2574 as
346 2541 359 2574 ii
370 2543 405 2584 they
415 2554 454 2575 were
465 2544 542 2584 possessed
553 2543 570 2576 oi
581 2545 685 2586 personality.¹¹

102 2598 117 2627 2.
127 2594 200 2626 Heinrich
209 2594 275 2632 Weinei,
285 2594 316 2626 Die
327 2592 420 2635 Wiakungen
430 2594 457 2627 des
467 2596 525 2627 Galatas
536 2606 550 2628 a.
561 2595 587 2628 der
598 2596 656 2629 Geister
665 2596 686 2629 im
697 2594 748 2629 nacha·

62 2634 162 2676 postolischen
175 2634 246 2668 Zeitalter
259 2635 282 2667 hir
294 2635 320 2676 aus
332 2637 397 2674 truatur,
411 2635 483 2677 Frieburg
495 2638 505 2669 i.
518 2638 536 2669 B.
552 2637 621 2678 (Leipzig
634 2649 649 2670 u.
661 2637 747 2679 Tiibingen:

62 2680 76 2720 J.
86 2679 103 2712 C.
112 2680 130 2712 B.
138 2678 193 2720 Mohr)
207 2683 251 2719 1899,
262 2680 296 2712 1-26
305 2684 320 2712 et
330 2680 358 2714 154
367 2690 386 2713 ss.
