1633 3045
77 114 99 150 24
276 112 306 148 Du
318 112 446 148 Sauoutonun
458 110 561 147 Homuuu

76 238 218 284 miscuissent.³1
233 239 338 288 Praeterea,
352 236 391 279 duo
405 237 447 280 dari
459 249 530 294 genera
544 235 667 286 daemonum,
681 248 764 293 quorum

77 313 111 354 uni
127 313 223 370 ingressus
239 309 313 352 inferni
329 325 369 352 non
384 310 471 369 patescit,
486 310 520 351 vix
536 309 624 350 sustineri
640 313 712 367 potest;
729 320 765 349 nec

77 385 147 437 minus,
158 383 211 444 quod
222 384 286 441 angeli
297 384 457 426 excommunicati
467 397 491 425 ex
500 381 555 425 coelo
566 388 585 424 et
595 380 672 423 inferno
682 380 765 423 homirn-

77 457 113 502 bus
128 457 243 501 insidiantur
258 456 283 499 ad
297 457 398 516 proprium
414 471 470 499 suum
484 455 577 498 solamen.
599 454 696 513 Denique,
712 452 765 513 quod

78 531 173 574 eiusmodi
186 529 313 573 daemonibus
327 530 445 573 ascribuntur
458 531 524 572 omnia
537 530 573 571 ista
586 528 639 571 mala
651 527 765 586 corporalia,

79 606 198 647 somniorum
218 603 379 654 terriculamenta,
399 611 434 646 etc.
455 610 496 654 etc,
516 601 569 645 haud
588 601 665 644 videtur
685 599 766 658 dignum

78 677 237 720 consideratione.

118 759 194 816 Quibus
203 758 388 803 considerationibus
397 760 513 818 praemissis,
522 760 588 818 quaeri
598 764 667 817 potest,
677 759 767 816 quisnam

79 840 181 893 promptus
195 833 237 885 erit,
251 848 275 876 ex
288 832 324 876 tali
338 831 436 891 farragine
450 831 537 876 idearum
551 832 717 889 extravagantium
731 832 767 874 tria

80 905 121 949 sola
130 905 189 950 verba
199 906 286 964 excipere
297 905 322 949 ad
331 906 439 949 doctrinam
449 907 535 964 aliquam
545 907 594 948 serio
604 903 766 948 confirmandam?

80 979 133 1022 Dicit
147 979 198 1021 enim
211 979 320 1021 Lactantius
333 978 358 1021 de
371 978 498 1023 daemonibus
509 979 564 1022 istius
576 977 678 1038 peculiaris
692 978 767 1036 speciei,

80 1051 134 1111 quod
147 1052 265 1096 “adhaerent
277 1052 358 1109 singuiis
370 1051 499 1095 hominibus.'’
514 1054 619 1104 Praeterea,
633 1052 708 1094 etiamsi
721 1052 768 1093 haec

80 1124 131 1168 iusta
140 1124 219 1167 reflexio
230 1125 373 1183 posthabentur,
385 1124 448 1168 adhuc
458 1133 487 1168 est
497 1124 642 1176 advertendum,
654 1125 768 1167 sententiam

80 1196 105 1239 de
116 1198 195 1256 proprio
206 1197 356 1256 uniuscuiusque
366 1199 451 1240 hominis
463 1197 558 1241 daemone
569 1199 589 1240 in
601 1197 656 1241 dictis
667 1195 735 1248 verbis,
747 1203 769 1239 ut

81 1274 149 1325 iacent,
161 1286 201 1316 non
213 1273 317 1323 enuntiari;
328 1284 375 1314 nam
386 1270 440 1314 aliud
452 1277 480 1313 est
491 1270 560 1322 dicere,
572 1269 676 1314 daemones
688 1268 769 1328 singulis

81 1346 192 1391 hominibus
204 1344 313 1396 adhaerere,
326 1351 344 1388 et
356 1343 415 1396 aliud,
429 1343 515 1401 singulos
528 1343 631 1387 adhaerere
644 1343 724 1401 singulis
735 1344 769 1386 ho-

82 1419 166 1463 minibus
180 1421 201 1461 in
213 1417 321 1460 individuo.
342 1418 424 1468 Etenim,
439 1416 526 1460 doctrina
540 1417 635 1460 catholica
649 1416 711 1468 docet,
726 1416 770 1459 dae·

82 1505 150 1535 mones
163 1490 249 1549 singulos
261 1490 349 1532 homines
361 1489 465 1541 iniensare,
477 1491 523 1550 quia
535 1490 555 1533 in
568 1505 582 1533 s.
595 1490 692 1549 Scriptura
703 1498 722 1533 et
734 1497 770 1533 tra-

82 1566 156 1608 ditione
168 1563 267 1607 infestatio
280 1564 405 1607 daemoniaca
416 1563 476 1606 modo
489 1563 601 1623 simpliciter
612 1563 715 1606 universali
728 1577 770 1622 pro-

83 1639 167 1698 ponitur.
188 1637 268 1688 Idcirco,
282 1636 340 1680 valde
354 1650 438 1696 paucum
451 1636 528 1680 videtur
542 1638 652 1681 Lactantius
667 1636 736 1680 afferre
750 1638 770 1679 in

84 1711 171 1755 favorem
182 1712 288 1755 sententiae
299 1711 430 1754 affirmativae.

124 1793 146 1854 5)
159 1796 204 1838 Post
213 1793 340 1845 lactantium,
351 1792 375 1837 ad
384 1794 499 1837 sententiam
510 1792 644 1837 affirmativam
654 1794 771 1837 auctoritatis

84 1875 197 1925 argumento
212 1866 381 1917 corroborandam,
396 1867 500 1909 advocatur
514 1867 722 1918 TERTULLIANUS,
738 1868 771 1926 qui

85 1939 190 1983 secundum
206 1940 275 1983 Suarez
292 1938 354 1983 dictae
371 1940 477 1983 sententiae
493 1938 609 1997 suffragatus
626 1947 679 1983 esset.
704 1939 772 1983 Scribit

85 2014 136 2057 enim
146 2014 167 2056 in
177 2011 227 2057 libro
238 2015 269 2054 De
279 2013 375 2064 Araiaaa,³²
385 2020 489 2073 postquam
498 2013 551 2057 bona
561 2014 657 2058 naturalia
667 2015 743 2058 animae
753 2020 772 2058 et

85 2088 170 2147 corporis
178 2086 284 2146 descripsit:
296 2088 364 2143 “Quae
372 2088 438 2130 omnia
445 2088 537 2131 nativitus
545 2089 621 2131 animae
629 2088 712 2140 conlata,
720 2088 772 2131 idem

129 2233 152 2264 31.
164 2229 227 2261 Occasio
237 2229 299 2261 huiusce
310 2230 391 2261 sententiae
402 2234 443 2270 capta
455 2234 506 2262 estex
518 2230 555 2262 Geni
568 2231 578 2263 6
590 2233 604 2262 2:
619 2228 694 2262 ”videntes
706 2229 734 2263 tilii
744 2229 775 2262 Dei

89 2272 125 2305 nitas
136 2273 214 2304 hominum
225 2270 266 2312 quod
277 2278 324 2304 essent
335 2272 409 2312 pulchrae,
421 2279 508 2313 acceperunt
519 2271 547 2306 sibi
559 2284 612 2305 uxores
624 2284 642 2305 ex
653 2271 727 2311 omnibus,
738 2283 775 2313 quas

87 2316 175 2354 stupeum?
186 2326 204 2347 ex
214 2325 243 2353 qua
252 2315 357 2345 commixtione
367 2315 413 2354 geniti
424 2321 458 2346 sunt
467 2316 539 2355 gigantes.
549 2316 583 2347 Nec
593 2315 633 2346 solus
643 2316 726 2347 Lactantius
737 2316 774 2346 hanc

87 2358 132 2388 irritus
143 2363 165 2388 est
175 2356 315 2395 interpretationem,
326 2357 407 2394 Caeterum¹
419 2357 448 2388 tale
458 2358 562 2389 commercium
572 2357 630 2389 carnale
640 2358 679 2389 iuter
689 2358 749 2397 spiritus
761 2362 775 2388 et

87 2400 154 2431 homines
163 2399 218 2431 nedum
227 2397 267 2439 apud
275 2408 345 2439 paganos,
354 2409 405 2431 verum
414 2400 458 2432 etiam
468 2399 589 2432 communissima
597 2398 703 2440 approbatione
713 2412 721 2433 a
730 2401 774 2440 scrip-

87 2441 143 2475 toribus
153 2442 255 2474 ecclesiasticis
265 2439 332 2473 habitum
343 2447 369 2480 est,
379 2448 393 2474 et
403 2441 465 2475 durante
475 2443 525 2475 medio
536 2453 573 2474 aevo
583 2447 640 2474 tantum
650 2448 742 2475 momentum
753 2452 774 2474 ac·

87 2485 162 2524 qnisierat,
174 2483 215 2525 quod
227 2482 289 2515 adeius
301 2482 419 2524 possibilitatem,
432 2487 463 2517 imo
475 2491 489 2517 et
501 2485 583 2517 realitatem
594 2485 636 2525 quasi
649 2484 739 2517 cotidianam
751 2485 775 2517 de·

87 2526 178 2558 tendendam
186 2531 225 2559 totus
234 2531 313 2566 apparatus
321 2528 453 2566 argumentationis
461 2527 554 2567 theologicae
563 2528 579 2559 in
588 2525 671 2560 subsidium
680 2526 775 2568 subsumptus

88 2575 113 2602 est.
127 2569 215 2609 Lugendum
227 2580 246 2601 ex
258 2568 302 2600 corde
314 2575 335 2601 est
348 2568 366 2601 de
379 2570 411 2602 istis
424 2569 507 2603 excessibus
520 2570 577 2602 ratione
590 2569 631 2602 iltius
644 2568 776 2604 daemonomaniae

87 2611 153 2652 undique
163 2616 236 2653 grassatae
246 2612 309 2644 exortis!
713 2615 715 2617 '

129 2660 152 2691 32.
161 2657 186 2688 De
194 2654 254 2693 Anima,
264 2664 275 2687 c.
286 2658 304 2691 39
316 2655 352 2696 (PL.
362 2660 370 2688 2
380 2655 463 2696 tlt-718).
