1657 3045
249 107 350 144 Dnamoua
364 107 505 144 lnuuoumom
698 105 720 145 45

37 237 82 297 quia
90 233 148 293 primi
157 240 248 292 quattuor
257 240 348 276 tractatus
357 232 444 275 eiusdem
453 232 497 276 libri
507 246 556 291 pura
565 238 613 291 puta
622 231 723 289 transcrip-

37 312 63 354 tio
72 308 121 352 alius
130 307 193 366 operis
203 305 302 350 cuiusdam
312 306 411 349 anterioris
421 306 508 364 theologi
517 320 558 350 esse
567 304 663 348 videntur.
673 304 723 347 Cum

37 390 101 428 autem
112 379 183 423 solutio
194 380 273 423 huiusce
284 377 344 431 dubii,
356 379 372 422 si
383 395 433 439 quae
444 379 485 424 dari
496 380 563 439 possit,
575 394 615 422 non
627 378 691 422 solum
703 378 723 419 in

22 477 23 480 ¹
37 454 131 518 praesenti
142 453 255 512 quaestione
266 454 332 512 magni
344 453 368 496 sit
378 455 477 506 momenti,
489 468 556 497 verum
568 454 626 496 etiam
637 466 673 513 pro
685 452 722 494 his-

36 531 84 574 toria
93 530 167 587 primae
177 529 262 587 epochae
272 527 427 580 Scholasticismi,
437 529 484 572 utile
494 536 512 571 et
522 536 654 587 opportunum
664 540 722 585 appa-

37 610 70 655 ret,
81 601 223 662 aliquantulum
232 602 253 644 in
262 601 299 645 hoc
308 601 416 644 consistere.

76 675 114 719 Sub
126 676 205 717 nominc
216 674 381 726 HILDEBERTL
395 675 545 718 Cenomanensis
558 676 653 734 Episcopi,
666 673 724 717 tradi-

38 758 68 793 tur
79 747 178 791 Tractatur
190 745 341 807 Theologicrrs,il
352 755 441 790 constans
453 746 546 807 capitibus
557 749 588 801 h,
600 750 620 790 in
631 762 670 808 quo
681 746 724 790 fuse

38 823 62 865 de
73 820 181 872 virtutibus,
195 822 296 873 Trinitate,
309 822 348 863 Dei
361 821 462 873 attributis,
476 822 614 873 incarnatione,
627 822 724 864 creatione

38 894 151 952 angelorum
160 901 179 935 et
186 894 276 945 hominis,
285 907 360 935 necnon
368 892 451 937 breviter
459 894 484 936 de
492 895 616 937 Sacramentis
625 896 646 936 in
654 908 724 953 genere

38 967 141 1010 disseritur.
159 966 258 1018 Attamen,
270 982 314 1009 cum
324 967 402 1009 Sanama
414 966 554 1010 Sententiarum
567 982 628 1025 usque
640 967 665 1010 ad
676 974 698 1010 tr.
711 968 724 1009 l

38 1039 146 1082 inclusive¹⁹
162 1040 211 1081 nihil
228 1039 281 1082 aliud
297 1041 326 1090 sit,
343 1054 401 1098 quam
417 1040 499 1083 verbalis
516 1040 658 1098 propemodum
674 1047 723 1082 tran·

38 1114 115 1171 scriptio
127 1113 261 1155 huiuscemodi
274 1113 374 1155 Tractatas
387 1112 506 1172 Theologici‚
520 1115 591 1172 premit
603 1116 689 1165 omnin0,
703 1121 724 1156 ut

39 1184 63 1227 de
73 1184 167 1227 relatione
177 1186 227 1227 inter
238 1192 341 1244 utrumque
351 1200 400 1245 opus
411 1187 526 1246 inquiratur:
540 1201 591 1239 nam,
601 1194 623 1230 et
633 1188 675 1246 ipse
685 1193 724 1229 tex·

39 1265 68 1301 tus
77 1257 102 1301 de
111 1258 185 1317 duplici
195 1259 271 1317 angelo,
282 1273 340 1319 quem
350 1251 444 1318 Magister
455 1275 478 1303 ex
488 1262 575 1318 Hugone
584 1261 670 1304 hausisse
680 1260 724 1303 dici-

39 1338 74 1382 tur,
88 1330 170 1374 totidem
182 1331 245 1375 verbis
259 1332 311 1392 apud
324 1332 461 1376 Hildebertum
474 1334 576 1376 invenitur.
591 1335 672 1386 Etenim,
684 1346 724 1376 non

38 1404 97 1447 modo
108 1404 139 1446 hic
149 1405 269 1463 particularis
279 1406 338 1458 locus,
350 1405 389 1459 secl,
400 1415 422 1450 ut
432 1408 471 1450 iam
482 1406 560 1460 dictum,
572 1415 623 1452 totus
634 1414 724 1452 tractatus

39 1481 149 1526 Hildeberti
159 1480 183 1525 ab
194 1483 277 1540 ipsomet
287 1479 366 1524 exordio
376 1495 436 1539 usque
448 1481 472 1524 ad
483 1480 552 1524 ultima
561 1481 620 1525 verba
630 1484 650 1525 in
660 1481 726 1525 codice

40 1555 157 1615 incompleto
170 1556 245 1612 Lyrano
259 1570 270 1598 a
282 1554 353 1612 Migne
365 1553 426 1598 relato
440 1554 502 1598 terme
515 1569 558 1598 cum
572 1554 660 1600 absoluta
672 1554 725 1599 iden-

39 1630 93 1671 titate
103 1630 124 1670 in
135 1630 214 1671 lanima
225 1630 276 1671 rear.
288 1629 369 1685 Hugoni
381 1629 462 1687 ascripta
474 1630 612 1688 incorporatur,
626 1630 678 1672 salva
689 1631 725 1671 hac

40 1701 153 1753 differentia,
162 1701 215 1760 quod
223 1701 276 1760 apud
284 1703 335 1744 hunc
343 1701 439 1759 quaedam
447 1703 490 1745 loca
498 1702 631 1760 quadantenus
640 1702 725 1746 elabora-

40 1775 87 1817 tiora
100 1773 200 1826 habentur,
214 1788 289 1816 necnon
303 1773 397 1817 divisione
409 1776 471 1832 magis
485 1774 588 1817 scientifica
600 1777 680 1818 materia
693 1777 725 1818 hic

39 1846 78 1889 illic
90 1846 204 1906 disponitur.
224 1848 280 1902 Quae
291 1845 380 1889 identitas
392 1849 459 1904 magni
470 1849 565 1889 momenti
577 1856 606 1890 est
617 1849 683 1908 quoad
694 1862 725 1891 co-

41 1918 102 1963 dicem
112 1922 208 1977 Lyranum
218 1919 342 1971 defectivum,
352 1921 386 1979 qui
396 1921 448 1963 enim
458 1920 483 1963 ad
493 1935 534 1980 cap.
546 1921 570 1963 ir
584 1920 627 1981 (De
638 1928 662 1965 10
673 1929 726 1982 prae·

41 1995 99 2053 captis
112 2008 146 2036 sea
159 1992 184 2036 de
197 1993 240 2053 lege
254 1993 334 2054 scripta)
353 1994 444 2046 extendit,
458 1995 511 2037 cuius
525 1995 594 2038 ultima
607 1995 665 2040 verba
678 1997 726 2039 haec

41 2074 91 2110 sunt:
108 2069 170 2126 “quae
183 2067 208 2110 ad
220 2068 343 2110 dilectionem
356 2069 439 2126 proximi
452 2068 579 2111 releruntur.¹'
594 2071 674 2113 Curiose
686 2084 726 2113 om-

0 2132 2 2177 s
40 2141 86 2184 nino
101 2142 208 2185 MIGNE²⁰
223 2142 254 2184 hic
269 2142 325 2200 ponit
339 2148 412 2193 notam,
427 2142 481 2201 quod
495 2143 532 2186 ista
546 2142 605 2187 verba
620 2144 641 2187 in
656 2143 726 2188 codicis

40 2213 108 2259 ultima
120 2214 200 2258 ultimae
212 2215 295 2274 paginae
307 2214 358 2258 linea
372 2216 460 2274 apposita
473 2223 574 2275 expectare
586 2216 660 2262 iaciunt
672 2219 725 2277 pagi·

39 2301 84 2329 nam
95 2295 207 2346 sequentem
218 2289 280 2346 “quae
291 2288 344 2331 deest
355 2295 374 2330 et
385 2303 443 2347 quam
454 2290 504 2332 aliae
514 2289 640 2349 probabiliter
651 2299 726 2335 secutae

0 2379 1 2382 ¹
42 2357 119 2404 fuerant
132 2360 157 2404 ad
170 2351 260 2404 tractatus
273 2362 411 2418 integritatem3
425 2363 485 2422 quod,
498 2370 520 2406 ut
533 2379 556 2406 ex
570 2365 727 2423 praecedentibus

0 2491 1 2495 Ἰ
40 2435 108 2477 coniici
116 2441 185 2493 potest,
193 2436 270 2478 nonnisi
279 2435 304 2478 ad
312 2449 405 2492 magnum
412 2436 525 2493 legentium,
534 2445 553 2480 et
560 2439 592 2481 vel
601 2440 659 2483 etiam
667 2441 726 2498 ipsius

40 2534 101 2544 ᾕ-

82 2575 105 2604 18,
116 2572 144 2603 PL.
155 2575 183 2604 171
195 2572 285 2606 root-1150.

82 2617 105 2649 19.
116 2615 144 2646 PL,
155 2614 184 2647 176
193 2614 254 2646 42-126.

81 2660 105 2689 20.
116 2657 144 2688 PL.
154 2660 181 2690 171
192 2661 236 2691 1150.
