1633 3045
82 111 105 148 46
281 110 311 146 Da
323 110 451 147 Saueutoaum
464 109 566 145 Horarum

81 236 105 279 ad
116 236 229 287 custodiam,
240 251 265 278 an
277 237 348 293 singuli
359 236 458 294 singulis,''
470 235 523 295 quod
534 236 607 294 quippe
618 248 669 277 nova
680 235 767 293 quaestio

81 309 157 353 videtur
169 309 244 352 ratione
256 309 361 369 particulae
376 310 451 353 “vero”
472 311 500 352 Ex
513 315 567 352 textu
581 322 627 366 ergo
640 307 767 359 concluditur,

81 383 219 428 Hildebertum
230 383 345 426 sententiam
356 382 380 427 de
391 384 470 442 proprio
482 382 577 426 daemone
588 389 684 425 tentatore
694 383 723 424 uti
735 380 768 423 du·

83 455 135 501 biam
149 464 168 499 et
182 457 203 498 in
217 470 231 499 s.
247 457 342 515 Scriptura
356 471 397 500 non
411 457 558 500 determinatam
571 455 648 500 habere.
670 457 768 506 Attamen,

83 532 143 588 Hugo
157 529 247 573 eumdem
259 537 334 573 textum
347 530 449 573 referendo
463 531 604 589 separationem
618 536 704 572 exactam
717 528 769 579 iacit,

83 605 198 662 inquantum
208 611 284 662 partem
295 603 341 647 “sed
351 605 388 646 hoc
399 602 491 647 dubium.
501 637 504 644 .
514 605 536 645 .”
548 617 588 645 non
600 602 624 645 ad
636 602 770 661 praecedentia

83 675 149 728 refert,
162 675 196 719 sed
209 675 234 719 ad
247 678 352 734 sequentia,
365 678 393 720 ita
405 684 427 720 ut
439 691 511 720 novum
525 684 582 735 caput
594 676 704 734 incipiatur:
721 674 770 718 “Sed

83 751 121 792 hoc
130 748 211 792 dubium
221 756 250 792 est
258 763 294 792 nec
303 749 328 792 de
338 750 433 809 Scriptura
443 748 536 792 habemus
546 748 696 791 determinatum
705 755 770 790 utrum

84 822 172 882 pluribus
186 823 232 865 etc.’'
247 822 368 867 Lombardus
381 830 445 866 autem
457 822 516 867 verba
528 822 564 866 illa
577 821 626 866 “Sed
639 823 677 865 hoc
690 820 771 865 dubium

86 898 134 940 ...’'
148 897 229 939 omnino
243 912 254 939 a
266 904 321 955 parte
333 898 430 955 relinquit,
444 905 501 956 atque
515 904 626 955 sequentem
638 897 771 955 quaestionem

85 977 185 1029 tamquam
196 984 269 1012 novum
279 977 336 1028 caput
348 971 414 1029 aperit,
426 978 444 1013 et
455 970 480 1013 de
491 986 513 1014 ea
524 970 586 1013 fusius
597 981 656 1029 quam
666 970 696 1013 illi
707 969 771 1028 dispu-

85 1049 119 1085 tat.
144 1041 227 1085 Videtur
245 1057 290 1099 ergo
309 1042 375 1085 adesse
392 1042 488 1101 quaedam
505 1045 626 1101 progressiva
644 1043 729 1085 evolutio
748 1042 771 1085 ab

85 1114 201 1159 Hildeberto
210 1128 245 1175 per
254 1117 361 1173 Hugonem
371 1115 396 1158 ad
406 1117 529 1174 Magistrum.

123 1200 301 1260 lnterdepententia
312 1209 376 1244 autem
385 1202 422 1244 ista
431 1203 515 1244 maxime
526 1217 549 1244 ex
559 1201 704 1260 comparatione
714 1201 772 1244 trium

88 1281 175 1316 textuum
187 1274 254 1317 elucet.
272 1275 315 1326 Ast,
327 1275 399 1317 iamin
410 1282 529 1317 antecessum
540 1283 568 1318 est
580 1273 728 1326 observandum,
741 1287 774 1316 eos

87 1347 152 1407 quoad
161 1346 286 1391 substantiam
295 1349 375 1391 onmino
384 1349 542 1408 correspondere3
552 1348 661 1392 differentia
671 1363 716 1406 ergo
726 1362 773 1390 non-

88 1421 124 1463 nisi
137 1421 157 1463 in
171 1420 318 1465 accidentalibus
331 1423 412 1464 inveniri
425 1430 494 1481 potest,
508 1438 558 1482 quae
571 1430 636 1465 tamen
649 1421 674 1464 ad
688 1421 774 1481 aliquam

89 1494 232 1537 conclusionem
245 1494 314 1537 ducere
326 1495 384 1546 valet,
399 1510 422 1538 eo
436 1497 482 1554 quia
494 1496 553 1539 verba
566 1497 645 1538 huiusce
658 1502 721 1538 textus
735 1501 775 1537 tam

88 1575 153 1611 exacte
168 1582 189 1610 ac
203 1576 312 1611 constanter
326 1569 455 1621 conformant,
470 1577 491 1612 ut
504 1569 571 1612 inferri
585 1568 660 1622 debeat,
675 1584 736 1612 unum
750 1568 773 1614 ab

89 1640 127 1683 alio
138 1655 178 1683 non
189 1656 212 1683 ex
223 1641 291 1684 auditu
302 1641 335 1684 sed
346 1641 449 1700 exscripto
461 1643 561 1684 materiam
571 1644 628 1685 istam
640 1642 773 1700 desumpsisse,

89 1715 118 1756 Ut
128 1721 193 1756 autem
203 1714 321 1772 comparatio
333 1722 420 1756 textuum
432 1714 550 1774 expediatur,
562 1722 626 1774 partes
637 1716 657 1757 in
668 1713 737 1774 quibus
749 1714 776 1757 di-

90 1787 169 1831 versitas
181 1787 239 1830 etiam
250 1788 330 1831 minima
342 1787 407 1845 detegi
418 1795 488 1847 potest,
500 1787 559 1831 modo
572 1789 666 1847 parallelo
678 1796 777 1847 ponuntur

91 1866 109 1902 et
119 1858 198 1919 quidem
207 1860 244 1903 hoc
253 1860 321 1904 modo:

131 1950 168 1988 Hit
180 1956 196 1987 et
207 1951 254 2002 Hrrg.
261 1953 384 2003 —Gregorius
397 1954 447 1991 etiam
460 1953 504 1992 dicit.
513 1984 516 1991 .
525 1984 540 1992 i.

131 2015 179 2063 Mag,
186 2035 210 2041 -
292 2016 385 2064 Gregorius
396 2027 464 2067 quoque
475 2016 516 2053 dicit
530 2015 559 2065 (al,
571 2016 611 2064 ait).
620 2045 623 2052 .
632 2045 647 2052 .,

133 2073 170 2114 Hit.
182 2081 198 2113 et
208 2076 341 2129 idrag-quod
355 2077 427 2131 quisque
441 2077 492 2117 habet
506 2091 560 2116 unum
574 2079 639 2118 bonum
653 2078 733 2129 angelum
747 2079 779 2117 sibi

293 2129 315 2167 ad
329 2130 423 2169 custodiam
438 2130 541 2183 deputatum,
560 2132 595 2182 (et)
612 2144 666 2169 unum
679 2131 744 2169 malum
757 2130 779 2170 ad

294 2182 424 2221 exercitandum.

134 2245 181 2296 Mag.
188 2265 212 2271 —
294 2244 341 2298 quod
350 2245 422 2299 quisque
430 2258 484 2284 unum
492 2245 557 2286 bonum
567 2246 646 2297 angelum
655 2245 687 2286 sibi
696 2245 717 2286 acl
726 2252 779 2286 custo·

293 2298 339 2387 lqiqm
354 2299 457 2351 deputatum,
472 2306 488 2337 et
501 2312 555 2337 unum
568 2300 633 2337 malum
646 2299 668 2338 ad
682 2300 779 2338 exercitium

306 2363 315 2386 a
327 2357 347 2387 et.

134 2411 201 2450 Hit—
295 2413 339 2451 Cum
349 2413 395 2451 enim
403 2412 444 2451 boni
454 2413 510 2464 angeli
521 2412 616 2451 desiderent
624 2412 689 2452 bonum
699 2420 779 2460 nostrum,

133 2475 211 2525 Hagffl
295 2476 339 2512 Cum
352 2476 398 2512 enim
411 2488 470 2512 omnes
483 2475 524 2517 boni
538 2475 594 2525 angeli
608 2476 703 2513 desiderent
715 2476 781 2514 bonum

295 2532 376 2572 nostrum,

134 2590 213 2640 Mag-
296 2589 340 2677 Cqm
356 2589 402 2626 enim
419 2602 477 2627 omnes
494 2588 550 2640 angeli
566 2589 607 2628 boni
624 2596 700 2628 nostrum
716 2590 780 2629 bonum

295 2653 316 2677 ve
324 2641 354 2686 int,
