1633 3045
63 105 75 143 6
263 103 293 141 Da
305 102 433 141 Sruourouun
445 102 548 140 Hominum

63 233 110 278 citas
120 239 139 278 et
147 230 252 291 indignitas
261 231 315 275 istius
325 229 411 291 perfidae
420 228 542 290 proditionis,
552 229 605 273 cuius
615 242 686 289 nempe
696 235 750 273 tanta

63 304 101 349 tuit
115 306 224 355 enormitas,
238 311 260 347 ut
272 306 350 346 nonnisi
364 319 388 347 ex
402 304 480 346 stimulo
494 302 573 353 diaboli,
586 303 650 345 omnis
663 302 750 345 malitiae

64 379 129 439 patris,
144 378 239 437 originem
252 376 352 420 desumere
366 377 456 437 potuerit.
477 375 570 433 Quodam
582 375 643 420 modo
657 376 716 419 simili
729 376 750 418 in

64 453 107 496 Act.
123 454 192 512 sipost.
211 450 233 512 (5
251 450 294 511 bd)
314 451 385 509 legitur
400 452 418 495 S.
434 453 501 495 Petrus
516 450 628 508 obiurgasse
642 450 748 493 Ananiam:

66 527 170 578 “Ananias,
186 539 219 567 cur
234 525 314 567 tentavit
329 524 409 568 Satanas
423 539 456 568 cor
470 532 531 577 tuum,
546 524 623 567 mentiri
638 530 658 567 te
672 522 751 582 Spiritui

65 599 139 651 Sancto,
152 607 171 642 et
182 596 272 641 fraudare
284 598 308 641 de
319 599 382 657 pretio
394 599 445 657 agri?
454 632 457 641 .
467 632 470 641 .
480 631 483 641 .
492 599 557 654 Quare
569 598 650 656 posuisti
662 598 682 639 in
694 596 751 649 corde

65 679 99 716 tuo
111 672 160 716 hanc
171 671 234 715 rem?''
245 670 338 715 Dilucide
350 684 397 730 ergo
408 670 432 715 erc
444 670 479 714 illo
491 671 534 714 loco
547 671 618 714 eruitur
629 669 708 714 moralis
720 670 752 714 Sa·

65 753 122 789 tanae
132 745 216 788 influxus
227 746 248 786 in
258 745 293 787 illo
305 746 389 802 praecise
400 745 479 787 crimine
490 742 617 803 concipiendo
627 742 751 802 complendo·

66 832 109 877 que,
123 817 176 860 haud
189 831 235 859 vero
248 816 318 874 Judam
331 816 420 861 habuisse
434 817 550 860 daemonem
563 817 663 877 proprium
677 830 752 876 semper

66 898 86 934 et
98 890 122 935 ab
134 891 190 934 initio
203 905 273 942 secum,
287 892 334 934 sicut
347 904 382 950 pro
396 890 617 944 sententia-affirmativa
630 889 752 949 probandum

67 970 124 1007 extat.
134 962 254 1007 Describitur
264 964 322 1022 igitur
332 964 369 1015 hic,
379 962 452 1007 nedum
461 965 543 1008 tentatio
554 962 627 1008 diaboli
637 963 689 1007 exitu
699 962 752 1006 felici

67 1038 88 1079 in
95 1036 165 1095 Judam
173 1043 221 1088 acta,
229 1051 297 1079 verum
305 1037 364 1080 etiam
372 1036 485 1081 omnimoda
494 1038 583 1097 suiipsius
592 1035 674 1095 diaboloj
680 1035 753 1080 deditio

68 1124 92 1152 ex
105 1117 161 1168 parte
174 1109 266 1168 Apostoli
280 1110 332 1152 illius
347 1108 438 1161 infidelis,
453 1111 486 1168 qui
500 1123 571 1169 nempe
585 1117 625 1153 tam
640 1109 698 1169 plene
713 1124 753 1152 sese

68 1197 79 1224 a
91 1182 178 1225 Domino
191 1183 264 1235 avertit,
278 1190 299 1225 ut
312 1182 369 1241 plene
382 1197 393 1226 a
405 1183 493 1226 Domino
505 1182 567 1227 deseri
580 1190 638 1242 atque
651 1198 662 1227 a
674 1181 753 1228 diabolo

68 1269 146 1315 quoque
154 1254 214 1299 modo
224 1254 318 1315 possideri
327 1263 437 1309 mereretur,
448 1257 496 1300 sicut
504 1255 585 1302 habetur
595 1256 616 1299 in
625 1256 685 1300 inciso
694 1256 754 1316 paulo

69 1327 120 1371 inira
136 1328 164 1389 (v.
178 1327 226 1389 27):
242 1329 278 1372 ¹‘Et
289 1337 334 1388 post
346 1328 453 1374 buccellam
465 1330 552 1374 introivit
564 1330 585 1372 in
599 1345 644 1373 eum
656 1331 754 1373 Satanas.''
804 1376 806 1379 ,

70 1402 158 1458 “Quibus
177 1401 240 1447 verbis
260 1417 300 1446 non
321 1402 432 1455 affirmatur,
452 1403 522 1447 Iudam
542 1418 694 1462 energumenum
714 1418 755 1447 esse

70 1478 149 1531 iactum,
158 1480 186 1522 ita
195 1485 216 1521 ut
226 1476 315 1522 diabolus
325 1491 359 1536 per
369 1477 462 1536 illapsum
471 1478 564 1521 essentiae
573 1477 670 1521 introisset
680 1478 701 1521 in
711 1492 756 1521 eum

72 1551 168 1611 (daemon
180 1550 280 1611 possidens
293 1551 314 1592 in
326 1550 422 1608 Scriptura
435 1564 470 1593 nec
483 1548 572 1593 diabolus
584 1565 620 1593 nec
633 1556 709 1594 satanas
722 1565 756 1593 un-

70 1638 129 1683 quam
146 1621 302 1683 denominatur),
320 1621 361 1665 sedv
371 1623 423 1667 hisce
440 1621 502 1667 verbis
520 1621 643 1666 solummodo
661 1624 756 1683 possessio

70 1698 133 1742 ethica
142 1698 237 1749 asseritur,
247 1697 268 1739 in
278 1703 372 1756 quantum
383 1695 472 1741 diabolus
482 1698 535 1740 vario
545 1697 605 1741 modo
616 1696 685 1741 Iudam
696 1705 756 1741 tenta·

70 1773 104 1818 bat
116 1773 141 1817 ad
153 1773 254 1818 scelestum
266 1786 315 1832 opus
328 1772 443 1817 iamdudum
455 1773 617 1833 praemeditatum
629 1773 756 1834 explendum

72 1850 129 1894 ludas
139 1866 186 1895 vero
197 1851 236 1894 illis
246 1850 385 1895 tentationibus
396 1866 436 1894 non
447 1850 551 1903 resistebat,
564 1852 598 1896 sed
609 1866 642 1896 cor
653 1852 709 1895 suum
721 1860 757 1896 tra·

72 1926 129 1972 debat
138 1927 220 1971 influxui
229 1926 330 1970 infernalis
340 1929 446 1986 potestatis.
456 1929 486 1971 Sic
496 1927 585 1972 diabolus
594 1928 693 1971 moraliter
703 1930 724 1971 in
734 1942 758 1972 eo

71 2003 158 2048 habitare
168 2003 205 2047 dici
214 2004 316 2064 poterat.'’³
326 2005 349 2047 ln
359 2004 470 2048 devinctum
479 2020 525 2064 ergo
535 2003 610 2057 Iudam,
620 2013 642 2049 ut
651 2005 672 2048 in
682 2021 758 2050 servum

73 2080 109 2125 sibi
119 2080 177 2140 plane
188 2081 295 2139 alligatum,
307 2080 396 2126 diabolus
407 2080 491 2126 obtinuit
502 2081 605 2143 specialem
616 2086 714 2128 carcerarii
724 2098 758 2144 po-

73 2165 167 2211 testatem,
179 2159 227 2202 sicut
237 2160 286 2202 etin
297 2174 364 2203 omnes
374 2168 488 2219 peccatores,
500 2162 534 2220 qui
545 2175 604 2221 opera
614 2161 689 2205 faciunt
699 2163 759 2222 patris

74 2235 103 2278 sui
116 2235 194 2279 diaboli.

113 2314 140 2355 Ex
152 2311 207 2356 dictis
220 2311 284 2354 statim
295 2311 373 2354 lucescit
385 2325 451 2355 sensus
463 2312 541 2355 alterius
552 2319 616 2355 textus
628 2313 680 2356 citati
693 2329 717 2356 ex
728 2314 758 2356 Ps.

76 2395 112 2433 108
126 2390 146 2433 6:
163 2390 198 2432 “Et
211 2387 300 2431 diabolus
314 2395 351 2431 stet
364 2404 375 2431 a
388 2387 460 2432 dextris
474 2390 533 2433 etusJ'
547 2389 601 2445 Quid
613 2390 677 2435 simile
689 2391 760 2450 legitur

75 2466 99 2511 de
112 2469 162 2525 Jesu,
175 2480 247 2524 magno
261 2464 364 2519 sacerdote,
379 2465 431 2525 apud
444 2465 503 2510 zach.
519 2472 529 2514 3
546 2472 564 2512 1:
581 2468 612 2511 “et
626 2468 684 2512 Satan
698 2467 760 2514 stabat

127 2639 130 2647 ,
142 2615 204 2647 Ioannes
216 2613 258 2652 Smit,
270 2614 294 2646 De
306 2613 410 2647 Daemoaiacis
423 2614 439 2647 ia
451 2613 519 2648 Historia
531 2613 620 2655 Euangeliou
634 2615 698 2658 (Romae
711 2616 758 2658 1913)
