1633 3045
84 114 105 150 62
283 114 313 149 Da
325 114 453 150 Sincutonum
465 114 568 149 Hominum

84 246 151 283 contra
165 244 254 282 naturam
270 237 325 290 fiunt,
342 246 363 281 ut
379 239 400 281 in
416 237 537 298 paucioribus
554 236 660 282 accidunt.”
684 236 770 280 Tertiam

84 313 169 372 praecise
182 319 256 371 partem
269 313 362 355 corruisse
376 311 489 355 autumandi
502 313 576 355 occasio
590 310 692 369 desumpta
705 317 734 352 est
747 324 770 352 ex

84 386 145 445 Apoc.
159 391 182 429 12
195 386 214 429 4:
230 385 261 428 “et
272 384 334 429 cauda
345 387 386 429 eius
398 384 485 429 trahebat
497 386 573 428 tertiam
584 392 659 443 partem
672 383 770 426 stellarum

86 459 140 511 coeli,
154 466 173 502 et
185 460 237 501 misit
251 474 283 501 eas
296 460 316 501 in
330 466 413 502 terram.
422 494 426 502 .
435 460 467 512 .'';
481 460 518 501 hoc
531 466 596 501 autem
609 471 732 517 nequaquam
746 456 771 499 ad

85 533 162 591 lapsum
173 533 287 589 angelorum
298 531 386 575 refertur.
405 534 442 576 sed
453 548 518 575 revera
529 532 554 575 de
565 534 601 574 hac
612 546 632 573 re
643 532 771 588 nequicquam

86 604 200 664 disputatur,
212 605 263 664 quia,
275 607 334 647 etiam
345 620 434 648 concessa
445 607 494 647 inter
506 604 610 647 daemones
622 603 688 662 aliqua
698 602 771 662 praela-

85 679 144 731 tione,
154 691 195 722 non
205 687 285 738 apparet
295 680 350 732 rati0,
360 694 393 723 cur
404 678 483 740 quidam
493 693 560 722 eorum
570 692 610 720 non
621 684 683 720 essent
693 675 772 736 deputa-

86 753 139 797 biles.
157 752 220 795 Aliter
232 752 311 811 quidem
322 753 412 796 nonnulli
424 753 534 797 Scholastici
545 750 661 795 medievales
674 756 773 793 senserunt

86 824 111 868 de
120 826 181 869 nimia
189 825 319 883 quorumdam
327 826 445 869 daemonum
455 826 554 883 dignitate,
565 839 604 885 qua
614 839 625 867 a
634 822 704 866 talibus
714 835 772 878 nego-

86 900 118 941 tiis
127 898 218 941 nefandis
226 900 276 941 inter
285 900 373 942 homines
383 898 514 951 abhorrerent;
525 899 557 950 ita,
568 913 584 941 e.
591 911 617 954 g,
627 903 713 940 auctores
722 893 773 937 Mat-

86 970 113 1015 lei
123 970 273 1029 maleficarum}
285 972 309 1016 de
320 980 436 1030 exaggerato
447 972 561 1015 commercio
572 970 644 1015 carnali
656 968 774 1012 daemonum

88 1046 128 1088 sive
136 1045 250 1088 incuborum
259 1047 298 1088 sive
306 1046 431 1089 succuborum
440 1060 483 1088 cum
491 1044 602 1088 hominibus
611 1042 728 1094 disserendo,
737 1043 774 1084 hoc

88 1117 161 1162 dicunt:
176 1118 284 1177 “quaedam
296 1120 397 1177 spurcitiae
409 1119 432 1163 ab
445 1119 540 1178 aliquibus
551 1117 623 1160 infimis
634 1122 773 1177 perpetrantur,

89 1191 182 1250 aquibus
195 1193 301 1250 superiores
313 1200 392 1250 propter
404 1192 526 1236 nobilitatem
539 1199 619 1234 naturae
632 1188 773 1232 secluduntur.'’

89 1269 172 1327 ipsemet
186 1268 286 1309 SUAREZ
301 1265 396 1324 siquidem
410 1264 487 1317 latetur,
502 1264 556 1324 quod
571 1263 642 1321 “longe
656 1260 775 1321 probabilius

89 1336 170 1389 videtur,
185 1336 250 1379 nullos
264 1335 367 1379 daemones
381 1349 423 1378 esse
436 1349 510 1395 semper
524 1334 602 1381 inferno
617 1333 725 1391 alligatos,''
740 1346 775 1374 nec

90 1406 166 1466 aliquos
180 1419 255 1464 semper
269 1406 290 1447 in
304 1405 342 1447 hoc
357 1418 400 1447 aere
414 1404 538 1455 commorari;
554 1402 601 1446 “sed
615 1417 682 1446 omnes
697 1410 776 1462 propter

24 1478 27 1484 ’
89 1487 168 1539 peccata
178 1493 212 1521 sua
222 1477 298 1521 inferno
310 1493 333 1520 ex
344 1492 363 1520 se
374 1476 461 1536 deputati
472 1484 521 1528 sunt,
533 1484 551 1520 et
561 1491 629 1520 omnes
639 1483 718 1536 propter
728 1475 775 1519 elec-

90 1559 154 1594 torum
163 1550 302 1610 perlectionem
311 1551 399 1608 permissi
409 1557 452 1592 sunt
462 1551 482 1591 in
491 1551 528 1592 hoc
539 1564 582 1592 aere
592 1548 697 1608 aliquando
708 1548 776 1591 saltem

90 1627 166 1668 versari.
176 1658 179 1666 .
189 1658 192 1667 .
202 1657 205 1666 .
214 1658 218 1676 ‚
227 1625 247 1652 ’¹⁹
257 1631 320 1684 atque,
331 1623 387 1666 “ideo
397 1637 431 1683 per
441 1638 461 1666 se
470 1622 561 1666 credibile
570 1630 603 1674 est,
613 1622 712 1665 infernum
722 1637 776 1664 num-

90 1714 149 1759 quam
156 1700 235 1758 spoliari
243 1697 369 1741 daemonibus
377 1699 502 1748 omnibus‚''¹⁰
511 1711 533 1740 eo
541 1699 587 1757 quia
594 1698 702 1756 praesentia
710 1710 777 1739 eorum

90 1770 111 1812 in
121 1768 198 1812 inferno
208 1767 306 1811 ordinaria
317 1769 349 1811 lex
360 1776 388 1812 est
399 1775 418 1811 et
428 1768 501 1825 regula,
512 1768 598 1812 absentia
608 1783 655 1811 vero
667 1783 690 1810 ex
701 1767 777 1826 dispen-

92 1840 166 1881 satione
179 1846 198 1880 et
212 1838 237 1882 ob
252 1840 378 1880 extrinsecum
393 1837 458 1889 finem,
474 1837 550 1890 scilicet,
565 1839 776 1882 bonumhonnnum.1¹

133 1942 147 1971 8.
158 1939 205 1970 chr,
220 1938 297 1976 institoris,
311 1939 347 1976 OP,
361 1942 376 1970 et
389 1939 417 1970 lac.
431 1939 508 1979 Sprenger,
522 1939 558 1978 01),
572 1937 637 1972 matteas
650 1937 756 1979 Maleficarum,
771 1940 778 1971 l

95 1979 173 2020 (Lugduni
183 1980 230 2019 1669)
244 1984 251 2011 i
261 1991 275 2020 q.
285 1982 294 2012 4
304 1990 319 2019 p.
329 1982 353 2013 26.

134 2027 148 2058 9λ
159 2024 216 2060 Suarez,
225 2020 244 2054 de
252 2021 318 2062 Angelis,
329 2027 337 2054 8
348 2027 366 2056 17
375 2026 392 2060 23
402 2032 416 2062 p.
427 2024 469 2057 1065.

135 2069 158 2098 10.
169 2062 212 2102 thid,
224 2069 232 2097 a
245 2066 327 2105 1627312.
339 2067 382 2098 1062,

135 2112 158 2140 11.
169 2109 226 2139 Iustum
237 2112 275 2139 esset
285 2107 304 2140 de
315 2108 412 2148 inquisitione
423 2109 461 2141 circa
472 2118 550 2141 numerum
560 2109 650 2142 daemonum
661 2110 684 2141 hic
696 2108 735 2141 facta
745 2118 778 2141 con·

92 2151 139 2191 queri,
148 2150 174 2184 sed
182 2151 263 2183 necessaria
271 2151 329 2184 videtur
337 2157 398 2192 propter
407 2152 468 2184 nimiam
477 2150 568 2190 facilitatem,
574 2162 637 2192 quacum
646 2154 720 2191 nonnulli,
726 2154 779 2185 Suarez

93 2204 129 2225 vero
142 2193 231 2233 praesertim,
245 2192 346 2225 difficultatem
359 2195 402 2225 istam
415 2193 465 2233 quoad
477 2192 592 2234 possibilitatem
605 2206 623 2226 ex
636 2199 677 2234 parte
691 2194 780 2226 daemonum

93 2234 178 2268 istiusmodi
188 2234 288 2275 deputationis
297 2241 394 2276 praetereunt.
410 2236 442 2275 nst,
453 2248 497 2269 omne
506 2236 547 2276 quod
558 2236 576 2268 de
586 2247 648 2269 numero
658 2235 716 2269 admitti
726 2241 779 2277 potest,

94 2289 145 2318 presso
154 2276 180 2311 sed
190 2279 247 2318 optimo
257 2278 301 2310 modo
311 2279 400 2319 proponitur
409 2290 417 2311 a
426 2280 471 2311 Mart.
480 2281 538 2320 Hagen,
548 2281 562 2311 S.
568 2282 586 2320 J,
596 2281 628 2311 Der
637 2279 690 2319 Tetrici
699 2281 719 2313 im
729 2278 780 2312 Lichte

95 2319 121 2352 der
132 2318 268 2360 Gtasctensqaalten
280 2319 359 2361 (Freiburg
369 2322 379 2353 i.
390 2322 407 2353 B.
419 2321 466 2361 1899)
479 2323 505 2355 to:
518 2322 567 2354 ''Dass
578 2320 602 2353 die
612 2321 649 2354 Zahl
661 2321 686 2353 der
697 2319 781 2362 gelallenen

94 2364 140 2404 Engel
151 2364 184 2396 eine
193 2372 244 2402 grosse
253 2363 278 2401 sei,
288 2363 323 2403 geht
332 2374 358 2395 aus
368 2362 394 2395 der
403 2363 472 2396 Antwort
481 2365 521 2404 jenes
531 2365 620 2396 Besessenen
630 2365 646 2396 in
656 2363 682 2396 der
691 2361 781 2396 Landschait

95 2405 120 2438 der
132 2407 213 2439 Gerasener
225 2405 283 2438 hervor:
297 2406 358 2446 'legion
369 2406 388 2438 ist
399 2407 439 2439 mein
449 2407 507 2445 Name3
519 2405 558 2438 denn
569 2417 614 2438 unser
625 2405 658 2438 sind
669 2407 711 2439 viele'
726 2406 780 2447 (Marc,

96 2453 103 2482 5
115 2453 132 2488 9;
143 2448 173 2490 agl.
183 2449 217 2479 Lac.
229 2451 237 2480 8
249 2447 284 2488 30).
294 2446 335 2481 tiber
345 2459 359 2481 es
370 2451 409 2481 w'alre
420 2460 438 2481 zu
448 2449 483 2481 weit
493 2459 575 2490 gegangen‚
586 2448 637 2482 wollte
647 2460 681 2482 man
692 2448 780 2489 behaupten,

96 2492 122 2523 der
131 2492 175 2524 drltte
184 2492 218 2523 Teil
229 2491 265 2522 aller
274 2490 377 2531 geschaffenen
388 2493 433 2532 Engel
444 2494 465 2524 sei
475 2492 545 2532 gefallen,
555 2492 590 2524 weil
601 2502 615 2524 es
626 2493 642 2524 in
651 2491 677 2524 der
686 2489 782 2532 Apakalypse

97 2538 115 2565 12
126 2535 136 2566 4
147 2535 198 2566 heisst:
211 2532 251 2566 ‘Und
262 2534 293 2565 sein
304 2533 367 2566 Schweii
378 2532 418 2574 fegte
428 2535 453 2567 eiu
463 2534 519 2566 Dcittcl
529 2533 555 2566 der
566 2535 616 2567 Steme
627 2533 653 2567 des
664 2534 738 2567 Himmels
749 2544 782 2575 weg

96 2576 127 2609 und
135 2575 173 2610 wart
181 2577 203 2608 sie
212 2574 238 2609 auf
247 2575 271 2608 die
279 2575 329 2615 Erde'3
339 2575 379 2610 diese
388 2577 432 2610 Stelle
440 2575 498 2610 bezieht
507 2577 538 2610 sich
548 2575 584 2610 eben
593 2577 634 2610 nicht
643 2576 669 2611 aul
678 2577 706 2611 den
716 2577 781 2611 Siinden-

97 2619 124 2652 fall
135 2620 161 2652 cler
170 2620 221 2659 Engel.
236 2621 271 2650 Wir
281 2621 340 2651 mtissen
350 2630 377 2651 uns
387 2620 418 2652 also
428 2621 456 2652 mit
465 2620 491 2651 der
501 2621 572 2652 Tatsache
582 2619 655 2658 abfinden,
666 2620 699 2652 dass
709 2621 737 2652 wir
746 2619 783 2652 tiber

97 2661 122 2695 die
130 2661 168 2695 Zahl
179 2661 204 2694 der
214 2660 316 2694 verworlenen
326 2663 371 2703 Engel
382 2663 429 2695 nichts
440 2663 525 2695 Genaueres
534 2662 602 2695 wissen.''
