1657 3045
276 127 376 163 Dnenoua
390 127 532 163 lmnucumoxa
725 123 747 162 69

61 253 142 297 modum
156 252 263 306 admittere,
277 267 321 296 cum
335 251 430 304 diabolus,
444 259 512 312 utpote
526 266 583 295 causa
597 249 686 301 secunda,
700 250 749 292 nihil

60 340 139 386 prorsus
148 326 222 370 efficere
232 327 298 385 possit,
309 340 334 369 ne
343 326 364 367 in
375 339 416 368 esse
425 325 504 383 quidem
513 324 620 385 persistere,
632 322 665 368 abs
674 323 748 381 primae

61 414 129 443 causae
142 413 241 451 concursu,
256 400 304 443 sicut
318 399 439 442 communius
452 405 533 442 tenetur.
547 399 636 456 Utroque
649 404 714 439 autem
728 396 748 437 in

37 504 39 507 ψ
60 488 105 518 casu
118 473 172 517 Deus
185 472 275 517 sehabet
288 479 388 532 tamquam
400 487 457 516 causa
468 473 547 516 moralis
561 473 601 516 sive
613 471 696 531 positiva
709 471 748 512 sive

61 546 152 605 negativa
162 560 196 589 seu
205 546 324 605 permissive.

101 627 124 689 1)
137 629 195 671 Deus
204 628 242 672 Uti
251 629 318 672 Causa
327 627 418 671 Positiva
426 627 520 670 moralem
529 626 642 670 facultatem
652 628 692 670 sive
701 624 749 670 obli-

61 702 161 761 gationem
174 702 205 745 vel
219 702 321 745 consilium
334 703 449 761 imponeret,
463 709 485 744 ut
498 700 602 744 daemones
616 700 642 744 ad
654 699 749 743 utendum

62 775 113 820 dicta
123 776 211 835 potentia
220 777 304 835 physica,
315 790 374 835 quam
385 791 396 819 a
406 776 451 819 Deo
462 782 484 818 ut
493 782 573 818 naturae
584 780 661 818 auctore
671 773 749 826 habent,

62 850 150 909 proxime
164 849 281 892 inclinentur
295 850 326 891 vel
341 847 460 891 ordinentur.
476 848 514 892 Sed
528 849 565 890 hoc
580 855 680 907 repugnat.
696 849 749 890 Esset

62 923 114 965 enim
125 923 208 982 positive
219 921 310 965 inducere
322 922 426 965 daemones
439 921 464 965 ad
475 921 550 964 malum
562 920 682 972 faciendum3
695 923 750 963 Deus

63 1003 127 1040 autem
140 996 225 1039 “nemini
236 995 337 1040 mandavit
347 997 407 1056 impie
418 996 487 1054 agere'’
504 993 570 1057 (Eccli.
585 1001 607 1040 15
622 994 670 1055 21);
683 995 750 1054 nequit

63 1070 115 1112 enim
130 1083 171 1113 esse
185 1070 258 1128 peccati
274 1075 345 1121 auctor,
361 1076 463 1128 propterea
479 1068 532 1128 quod
547 1069 622 1113 malum
636 1083 677 1112 non
691 1068 750 1113 habet

62 1156 140 1186 causam
153 1142 267 1186 efficientem
280 1142 314 1186 sed
327 1142 454 1195 deficientem,
468 1157 518 1202 quae
530 1156 570 1186 non
583 1149 647 1202 potest
660 1156 700 1186 esse
713 1143 750 1185 nisi

62 1221 154 1259 creatura.
163 1217 287 1275 Impugnatio
297 1223 362 1259 autem
371 1215 489 1259 daemonum
497 1215 572 1275 liquido
582 1223 610 1259 est
617 1216 697 1266 malum,
707 1230 750 1259 cum

63 1286 152 1332 diabolus
164 1295 230 1341 tentet,
241 1283 262 1332 ut
273 1290 294 1332 in
304 1295 404 1348 peccatum
415 1286 499 1342 inducat,
511 1304 550 1350 seu,¹
562 1304 603 1332 non
614 1296 681 1341 tentat,
692 1296 714 1333 ut
726 1289 751 1333 ad

63 1360 137 1404 bonum
151 1361 226 1421 probet,
242 1362 276 1405 sed
290 1363 356 1421 potius
370 1370 392 1406 ut
407 1362 497 1422 reprobet
513 1365 552 1406 sive
567 1364 671 1422 reprobum
686 1363 759 1406 iaciat:

63 1439 154 1483 Tentatio
169 1439 221 1483 enim
237 1445 266 1483 est
281 1437 434 1496 experimentum
450 1450 526 1481 sumere
541 1435 566 1481 ad
582 1435 690 1491 sciendum;
707 1451 751 1480 cum

62 1526 108 1557 vero
120 1513 176 1556 Deus
187 1512 254 1555 omnia
265 1511 317 1563 sciat,
329 1511 408 1571 proprie
419 1524 460 1554 non
472 1509 541 1554 dicitur
553 1519 632 1555 tentare.
653 1510 751 1567 Quamob-

63 1600 104 1629 rem
116 1585 162 1629 dicit
173 1586 190 1628 S.
202 1584 283 1628 lacobus
293 1584 402 1644 Apostolus
415 1583 438 1644 (1
453 1583 500 1644 13):
515 1585 593 1628 “Nemo
605 1600 649 1627 cum
660 1592 750 1636 tentatur,

64 1658 115 1703 dicat
126 1660 219 1719 quoniam
230 1674 241 1702 a
251 1659 296 1702 Deo
307 1665 400 1711 tentatum
412 1659 466 1701 Deus
478 1659 529 1700 enim
539 1659 644 1701 intentator
654 1658 751 1702 malorum

64 1739 98 1783 est,
112 1732 154 1790 ipse
167 1738 232 1775 autem
244 1731 342 1774 neminem
355 1732 434 1774 tentat.”
455 1732 479 1774 Et
491 1731 528 1774 hoc
541 1738 570 1774 est
582 1745 658 1790 semper
671 1730 751 1774 firmiter

64 1804 193 1860 tenendum,2⁰
204 1804 298 1848 Lucidum
309 1804 368 1862 igitur
379 1811 413 1856 est,
425 1804 491 1847 Deum
501 1804 582 1847 minime
593 1818 628 1864 per
637 1804 752 1848 mandatum

65 1878 170 1937 positivum
180 1875 287 1937 providere,
298 1883 319 1919 ut
330 1877 411 1934 singulis
421 1875 532 1920 hominibus
543 1876 627 1920 daemon
638 1885 722 1921 tentator
733 1886 752 1921 et

66 1951 178 1995 sollicitator
194 1951 219 1995 ad
234 1951 308 1995 malum
323 1950 432 2003 adhaereat,
448 1952 523 1994 etiamsi
538 1950 605 1995 forsan
620 1952 641 1994 in
656 1951 753 2013 aliquibus

65 2022 135 2067 exinde
145 2030 278 2084 procuraretur
288 2024 352 2067 meriti
362 2024 507 2068 incrementum.

105 2105 142 2149 Sed
153 2112 242 2164 potestne
252 2104 294 2148 fieri
305 2105 371 2164 aliqua
381 2104 479 2159 distinctio
491 2107 511 2149 in
522 2107 564 2165 ipso
575 2106 657 2159 obiecto,
668 2108 689 2150 in
699 2107 753 2166 quod

65 2176 127 2220 fertur
134 2178 201 2220 divina
207 2178 303 2229 voluntas,
311 2179 338 2220 ita
345 2191 416 2237 nempe
423 2186 445 2222 ut
452 2181 507 2222 Deus
514 2194 559 2221 vere
567 2180 641 2223 dicatur
649 2180 753 2224 daemones

66 2257 170 2295 tentatores
182 2252 203 2294 in
214 2251 325 2311 particulari
337 2251 420 2310 positive
432 2252 527 2305 ordinare,
541 2255 588 2312 quin
601 2261 666 2297 autem
679 2254 753 2308 sibime-

66 2326 111 2386 tipsi
123 2317 251 2369 contradicat?
264 2327 326 2377 Certe,
339 2334 402 2368 totum
414 2329 516 2385 negotium
528 2327 645 2371 daemonum
657 2330 707 2372 inter
719 2331 753 2372 ho-

66 2421 128 2428 *—

108 2465 133 2494 20.
143 2459 209 2502 Quando
221 2471 256 2501 ergo
269 2462 285 2493 iu
297 2471 308 2493 s.
320 2462 395 2502 Scriptura
407 2462 466 2503 legitur,
478 2463 520 2504 quod
532 2465 604 2496 ''tentavit
615 2465 657 2497 Deus
669 2464 754 2498 Abraham

70 2503 117 2543 (Gen.
128 2508 147 2536 22
159 2503 176 2543 1)
188 2504 213 2536 vel
223 2504 275 2536 “Deus
285 2504 347 2535 tentavit
356 2505 396 2542 eos,''
407 2505 417 2537 i.
423 2516 441 2542 e.‚
451 2505 543 2546 iustos(Sap.
554 2509 562 2541 ὃ
574 2505 599 2545 5),
609 2512 631 2539 est
641 2507 755 2548 intelligendum

68 2544 87 2578 de
98 2547 203 2585 experimento,
214 2557 245 2586 quo
257 2546 298 2578 Deus
308 2546 379 2577 virtutem
389 2556 441 2579 eorum
452 2546 492 2586 apud
503 2548 571 2580 homines
582 2553 633 2580 notam
643 2547 691 2582 facere
701 2549 755 2583 volun

68 2587 157 2627 Exemplum
169 2587 214 2619 huius
226 2585 288 2619 habetur
301 2585 341 2627 apud
353 2588 375 2619 lo.
389 2589 398 2620 6
412 2589 442 2622 fio:
458 2590 498 2620 lesus
512 2588 560 2621 ''dixit
572 2589 591 2622 ud
603 2589 696 2630 Philippum:
711 2590 755 2624 Unde

68 2640 134 2662 ememus
145 2640 191 2670 panes
202 2635 219 2662 ut
230 2629 319 2662 manducent
331 2629 357 2662 hi?
373 2630 407 2663 Hoc
419 2636 469 2663 autem
480 2630 538 2664 dicebat
549 2636 606 2664 tentans
618 2643 659 2671 eum;
671 2633 704 2673 ipse
716 2634 756 2666 enim

68 2670 122 2704 sciebat
133 2671 170 2712 quid
181 2677 219 2704 esset
229 2670 310 2704 factumst
321 2671 361 2704 Vide
372 2677 386 2704 et
396 2674 442 2705 Deut.
455 2677 473 2708 13
485 2676 499 2707 3.
