1633 3045
56 112 80 157 94
349 115 449 153 Arrnuurx

56 233 154 271 hominihus
167 231 201 270 cluo
213 231 232 269 in
243 231 338 269 custodiam
349 231 460 282 assignentur,
472 245 517 269 unus
528 231 551 269 ad
563 230 654 278 dexteram,
667 230 708 269 alter
720 229 743 268 ad

56 290 145 335 sinistram,
157 289 192 327 sive
202 300 246 327 unus
256 294 299 335 ante,
311 287 352 327 alter
363 294 407 328 retro
417 290 519 328 hommem.9
528 287 592 339 Angeli
602 300 643 327 vero
653 300 692 327 cum
701 287 743 327 honi

56 354 93 385 tum
105 348 146 385 mali
159 347 180 385 de
192 346 262 384 homine
275 359 285 384 a
297 347 384 385 nativitate
396 347 419 385 ad
430 354 503 385 mortem
514 359 568 398 usque
580 347 696 398 maximopere
707 358 743 384 sese

56 412 141 457 occupant.
163 405 226 442 Utrum
239 417 280 442 vero
295 405 331 456 ipse
346 404 459 442 Mohammed
473 403 590 457 particularem
604 405 647 455 gina
661 403 742 442 continuo

55 470 194 511 unumquemque
207 457 296 494 hominem
310 457 419 495 comitantem
432 469 490 509 reapse
503 456 618 508 postulaverit,
633 462 678 495 certo
692 457 741 494 statui

57 511 141 562 nequit;1⁰
149 508 263 561 proculdubio
270 516 326 548 autem
334 508 372 548 talis
380 509 456 548 doctrina
464 510 479 548 ei
488 522 497 548 a
505 509 631 548 Mahumetanis
639 508 742 548 adscribitur.

97 567 162 604 APUD
174 566 286 604 GRAECOS.
292 589 317 594 —
323 567 344 603 In
354 566 440 604 literatura
449 565 522 618 profana
531 578 565 603 vox
574 566 645 608 ἅγγελος
651 577 745 617 numquam

57 624 137 675 angelum
148 624 166 661 in
177 629 235 662 nostro
247 637 297 662 sensu
309 623 339 663 sed
351 636 417 676 semper
428 623 502 676 legatum
514 624 549 661 sive
561 624 645 670 nuntium,
657 623 682 662 uti
693 622 744 662 habet

56 683 109 734 ipsius
119 688 204 732 entymon,
216 681 304 732 significat.
323 682 388 723 Δαίμων
407 688 463 735 autem
471 681 555 734 primitus,
564 694 581 719 v.
591 694 614 732 g,
625 680 671 733 apud
681 683 744 719 Home-

57 753 100 786 rum,
115 741 195 778 virtutem
211 752 240 777 seu
256 740 350 791 potentiam
367 738 442 777 divinam
457 738 552 784 denotabat,
569 739 617 791 quasi
632 750 744 790 synonymum

56 799 108 837 verbo
118 799 165 839 dade·
197 798 241 835 Cum
252 804 308 835 autern
318 798 375 849 potius
385 804 471 849 tamquam
481 797 574 847 auspicium
584 796 673 835 adversum
683 796 745 834 intelli·

58 852 130 910 geretur,
145 854 201 893 fatum
215 854 309 905 significare
323 854 417 893 identidem
431 855 502 907 incepit;
517 854 547 892 secl
561 866 627 906 semper
641 855 660 892 in
673 859 745 906 utroque

59 925 114 958 sensu,
130 913 177 952 bono
192 918 208 950 et
223 912 274 958 malo,
290 913 385 964 promiscue
401 911 516 950 adhibebatur.
538 913 586 949 quta
601 913 675 950 Graecos
690 911 746 949 omnis

59 976 137 1016 creatura,
157 970 208 1007 etiam
226 969 332 1019 irrationalis,
351 969 440 1020 proprium
463 970 525 1015 talpas
549 968 584 1007 sive
602 968 671 1019 genitam
689 967 745 1006 habet.

58 1024 123 1062 Genios
136 1024 177 1061 istos
190 1022 224 1060 sive
237 1022 305 1074 spiritus
317 1021 407 1061 inferiores
419 1021 482 1075 ubique
494 1029 581 1068 terrarum,
593 1022 692 1074 praesertim
703 1020 745 1060 locis

59 1080 170 1127 teterioribus,
185 1086 280 1132 praesentes
294 1078 388 1118 credebant.
410 1079 447 1126 Ast,
462 1079 555 1134 nequidem
568 1080 640 1132 periodo
654 1079 747 1133 posteriore

59 1139 126 1178 videtur
137 1138 183 1191 apud
194 1151 222 1176 eos
233 1138 325 1190 opinio‘de
336 1137 419 1176 daemone
429 1138 492 1191 aliquo,
503 1138 564 1189 spirita
574 1145 618 1190 paro
629 1146 645 1177 et
655 1136 745 1190 personali,

58 1209 197 1249 unumquemque
206 1196 295 1233 hominem
304 1195 399 1240 comitante,
410 1194 504 1233 admodum
513 1194 600 1245 divulgata
609 1195 685 1234 fuissent
701 1196 745 1233 Dae·

59 1254 158 1305 monologia
168 1259 224 1292 autem
232 1265 291 1303 graeca
300 1252 394 1291 maximum
404 1251 488 1291 inflexum
498 1252 517 1291 in
525 1251 598 1303 Judaeos
607 1254 702 1305 primorum
712 1265 745 1291 sae·

59 1312 137 1350 culorum
146 1319 185 1363 post
194 1311 285 1357 Christum,
296 1310 389 1362 specialiter
399 1311 419 1348 in
428 1311 517 1363 scriptores
526 1312 636 1363 apocryphos,
645 1310 746 1349 talmudicos

60 1376 76 1407 et
87 1370 178 1407 Philonem
189 1367 325 1405 Alexandrinum
336 1367 444 1406 exercebar.12
641 1364 646 1367 ⁰
664 1377 665 1380 ¹

101 1427 167 1465 APUD
178 1425 395 1476 turannos-Optime
405 1431 453 1463 notat
459 1421 510 1479 ioan.
522 1426 589 1463 Smit:13
602 1427 665 1470 “Unus
672 1439 693 1464 ex
704 1425 746 1463 diffi-

102 1534 116 1565 9.
127 1530 182 1566 Koma,
192 1529 223 1559 Sur.
233 1529 247 1566 6,
257 1529 284 1565 61;
295 1531 318 1565 13,
328 1530 354 1564 123
364 1522 388 1564 50,
398 1528 450 1565 16-17;
461 1529 484 1565 86,
494 1527 511 1565 4;
521 1536 544 1567 ap,
553 1526 639 1566 Eickmann,
648 1538 662 1559 o.
671 1537 688 1566 c,
698 1536 713 1568 p.
722 1527 746 1559 42.

103 1577 126 1606 10,
138 1571 183 1609 Idem,
194 1581 208 1603 ο,
218 1580 235 1608 c,
246 1579 260 1610 p.
271 1574 295 1608 58,
306 1571 331 1603 ait:
344 1569 385 1602 ‘'Aus
396 1569 522 1610 diesemgrossen
532 1569 639 1609 Geistesheere,
649 1569 675 1603 das
685 1568 747 1603 andem

60 1613 152 1647 Geschicken
164 1611 190 1646 aui
200 1611 249 1645 Erden
260 1622 301 1653 reges
313 1613 384 1644 Interesse
394 1612 452 1651 nimmt,
464 1612 484 1644 ist
494 1610 543 1653 jedem
553 1612 635 1645 Menschen
646 1613 678 1645 sein
688 1612 747 1647 Schutz-

22 1678 24 1680 -
62 1657 104 1697 engel
112 1655 194 1697 heigesellt,
202 1655 240 1686 auch
248 1655 273 1686 ein
280 1654 324 1686 bdser
332 1653 378 1694 Engel
387 1654 422 1694 geht
430 1655 462 1685 ihm
470 1654 508 1686 nach
516 1653 550 1686 dem
558 1655 609 1686 Koran
617 1660 652 1686 stets
660 1665 686 1687 zur
694 1655 747 1686 Seitef'

62 1700 122 1738 Atvero,
135 1704 170 1731 tunc
182 1697 228 1730 addit:
243 1698 299 1729 “Diese
310 1697 361 1736 Engel'
370 1696 404 1728 sind
414 1695 483 1729 offenbar
495 1695 521 1728 das
533 1701 569 1737 gute
580 1696 612 1729 und
623 1695 659 1729 base
671 1697 748 1729 Gewissen

60 1742 86 1773 des
93 1741 179 1779 Menschen,
188 1739 213 1771 die
221 1740 258 1771 nach
266 1739 363 1772 Mohammed
371 1739 396 1771 die
403 1740 451 1771 Taten
459 1739 485 1771 des
493 1739 575 1771 Menschen
583 1750 631 1780 genau
639 1740 746 1780 registrieren.’'

103 1789 126 1817 11.
138 1783 239 1816 Fundamento
249 1781 302 1821 solido,
312 1781 362 1823 quoad
372 1781 459 1814 daemonem
468 1781 556 1821 maleficum,
565 1788 609 1821 caret,
618 1783 659 1824 quod
668 1783 723 1823 legitur
728 1784 748 1823 in

61 1827 101 1859 Dica
110 1826 123 1859 T
124 1825 162 1858 heol,
172 1823 214 1857 Catia.
223 1826 245 1857 IV
256 1824 305 1864 (Paris
316 1823 363 1864 1911)
375 1828 409 1862 322,
418 1823 437 1856 de
445 1823 518 1857 daemone
526 1823 566 1864 apud
575 1826 645 1858 Graecos:
656 1827 686 1858 “Le
694 1824 748 1857 demon

62 1878 71 1900 a
81 1878 133 1900 encore
143 1868 178 1908 joue
189 1866 203 1898 le
213 1866 245 1898 role
256 1865 275 1898 de
285 1871 368 1906 protecteur
378 1866 457 1905 personnel
468 1877 488 1899 ou
500 1865 561 1906 d'esprit
571 1864 660 1906 maliaisant,
672 1866 748 1900 attachb'a
763 1883 765 1889 ·

61 1923 82 1942 un
95 1911 155 1942 homme
167 1909 204 1950 qu’il
218 1919 316 1949 accompagne
329 1908 394 1948 pendant
407 1909 422 1941 la
434 1910 463 1947 vie,
477 1909 514 1941 dont
527 1909 538 1941 il
552 1908 600 1949 dirige
612 1909 634 1941 les
646 1910 712 1950 penstes,
725 1910 747 1943 les

61 1952 107 1985 desirs
118 1958 132 1985 et
142 1951 273 2034 ¹²⁵4iidiss³ti⁰n⁵‘
285 1953 310 1984 On
319 1951 379 1983 connatit
390 1962 429 1984 assez
439 1951 454 1984 le
465 1951 519 1984 demon
529 1950 548 1984 de
559 1952 631 1985 Socrate.”
644 1950 693 1993 (Vide
703 1961 748 1993 supra

73 1997 153 2030 .36nota
174 2019 177 2026 .

61 2005 71 2035 p
104 2041 127 2070 12,
139 2036 195 2113 J60seph
207 2037 271 2112 Igangen,
282 2038 314 2069 Das
326 2032 407 2081 ludentum
419 2036 435 2069 ia
447 2035 522 2069 Palirtina
534 2046 546 2070 z.
559 2037 593 2069 Zeit
605 2034 664 2077 Christi,
677 2035 748 2078 Freiburg

62 2082 72 2114 i.
82 2083 99 2114 B.
111 2082 154 2118 186,
177 2084 209 2115 .30
230 2092 249 2113 ss.

104 2128 127 2159 13.
138 2091 277 2155 DepDaearaaiacir
287 2123 303 2155 ia
314 2122 382 2156 Historia
391 2121 483 2162 Evangelia,
494 2124 550 2156 Romae
562 2122 653 2163 (biblicum)
668 2127 711 2162 1913,
722 2133 748 2164 pp.

63 2169 113 2200 89-90.
129 2164 183 2197 itidem
192 2169 310 2204 conquaeruntur
319 2165 345 2197 W.
356 2163 441 2203 Eickmann,
452 2176 466 2198 o.
476 2175 493 2203 c„
516 2189 519 2197 .
531 2169 557 2203 103
567 2164 621 2197 Taufilc
631 2166 695 2204 Camaan,
706 2176 720 2198 o.
731 2175 748 2204 c.,

62 2217 77 2246 p,
89 2210 126 2245 111;
138 2210 153 2237 et
163 2207 201 2238 Otto
212 2205 285 2246 Everling,
297 2206 328 2238 Die
338 2204 433 2238 Paulinirche
444 2174 544 2247 Angeloiagie
556 2217 570 2239 u.
583 2205 698 2248 Dimonologie,
711 2208 748 2239 Glit-

63 2251 114 2290 tingen
125 2253 169 2287 1888,
179 2259 194 2289 p,
205 2253 218 2283 5.
233 2250 278 2287 Dein,
289 2251 315 2290 qui
325 2248 455 2290 daemonologiam
464 2250 543 2288 iudaicam,
552 2251 638 2290 praesertim
648 2251 748 2289 recentiorem,

62 2290 374 2372 {prhprfflesspvultffersrtcolpre,lplo1nrl(eplare
384 2290 651 2374 «praeppe91p7a)doctp3i8minp{emand
661 2294 699 2366 Pradt,
710 2294 748 2366 {L

87 2345 95 2366 e
129 2343 201 2373 eoogyo
236 2343 290 2371 .au,
321 2370 323 2377 ‚
354 2343 376 2364 ew
401 2344 418 2365 or
500 2342 516 2374 p.
559 2344 562 2365 z
601 2344 682 2373 ere,ama
724 2345 748 2366 an·

62 2372 157 2417 rasmagoria'
165 2374 226 2415 peoples
240 2374 296 2406 heaven
310 2373 339 2407 and
354 2375 395 2407 earth
409 2376 446 2407 with
460 2375 562 2417 supernatural
576 2373 628 2416 brings
642 2344 748 2417 bearingpian·

63 2419 105 2451 tarne
116 2428 166 2451 names
178 2415 207 2449 and
219 2417 275 2457 having
286 2422 344 2456 strange
355 2416 407 2456 forms,
418 2418 454 2450 who
465 2429 505 2450 seem
516 2416 535 2459 by
546 2418 633 2451 themselves
645 2419 689 2452 alone
700 2424 716 2451 to
727 2418 749 2452 fill

63 2460 88 2492 the
99 2459 177 2492 terrestrial
189 2463 234 2498 stage.
250 2460 268 2490 ln
278 2459 304 2490 the
313 2457 393 2491 rabbinical
405 2460 475 2500 theology
485 2461 497 2492 it
508 2460 521 2491 is
531 2459 562 2491 still
572 2470 624 2498 worse,
635 2465 687 2501 except
697 2461 713 2493 in
724 2461 749 2493 the

63 2502 128 2540 Mishna,
140 2501 190 2534 where
201 2500 242 2532 these
253 2500 351 2540 speculations
363 2501 400 2535 have
412 2512 420 2534 a
432 2502 486 2535 chance
497 2506 512 2534 to
524 2500 582 2542 display
592 2501 685 2536 themselves.
701 2503 749 2536 Who-

63 2555 96 2576 ever
106 2545 119 2576 is
129 2541 208 2576 interested
219 2543 235 2574 in
246 2542 287 2575 these
298 2548 392 2583 extravagant
402 2542 459 2576 dreams
470 2543 487 2576 of
497 2543 583 2576 disordered
593 2542 643 2578 brains
653 2556 680 2578 can
691 2546 749 2578 consult

63 2597 92 2618 one
101 2585 118 2619 ol
128 2587 153 2618 the
162 2595 242 2618 numerous
253 2586 313 2617 authors
322 2586 357 2617 who
367 2591 404 2618 treat
413 2598 433 2618 on
443 2586 468 2619 the
478 2585 541 2626 subtere
551 2587 571 2618 he
579 2587 611 2618 will
621 2586 640 2620 be
649 2587 748 2620 embarrassed

63 2633 78 2660 to
88 2626 134 2704 {ynpw
144 2627 185 2660 what
196 2632 211 2659 to
222 2627 277 2659 choose
287 2625 327 2660 from
338 2633 364 2659 out
375 2626 392 2660 of
403 2628 428 2660 the
438 2629 541 2661 mass.'¹—-Et
551 2639 596 2670 quam
607 2640 641 2662 vera
652 2635 686 2663 sunt
696 2630 749 2663 haecce

62 2682 113 2704 vera.
