1633 3045
78 103 100 140 26
278 102 307 138 Da
319 101 448 139 Sruouaonun
460 102 563 139 Hominum

78 229 107 272 uti
123 228 194 272 directe
210 229 321 287 oppositam
337 229 412 271 ratione
428 228 579 287 regenerationis
595 227 721 287 baptismalis.
737 229 766 272 Ex

79 301 135 346 dictis
148 316 194 346 vero
207 302 288 345 omnino
302 301 376 345 clarum
390 294 460 354 evadit,
474 301 551 345 nullum
565 315 642 361 prorsus
655 303 687 346 hic
699 300 766 346 haberi

79 389 115 436 pro
127 375 221 419 sententia
233 374 348 420 affirmativa
359 374 479 435 suffragium.

119 451 188 494 Postea
200 449 220 493 in
233 448 302 493 eodem
315 448 397 509 opere,³¹²
410 452 480 494 iterum
493 449 517 494 de
529 450 587 493 variis
601 448 767 508 superstitionibus

80 524 160 581 magicis
171 522 275 574 movendo,
289 538 336 582 quas
349 537 409 581 opera
422 523 570 566 daemoniorum
581 530 644 574 vocat,
658 522 683 566 ad
696 525 767 582 superi·

80 610 134 638 orem
144 595 208 639 locum
217 585 284 648 refert,
293 602 312 639 et
321 597 453 656 parenthetice
461 596 514 641 dicit:
527 597 599 648 “Nam,
610 603 629 639 et
638 596 768 656 suggessimus

81 670 157 714 nullum
166 684 228 730 paene
237 670 337 713 hominem
346 685 410 714 carere
418 670 528 723 daemonio,
538 678 557 714 et
566 670 653 730 pluribus
662 677 732 714 notum
740 677 769 713 est

81 743 229 786 daemoniorum
238 757 317 804 quoque
326 757 386 804 opera
396 751 415 788 et
425 745 537 789 immaturas
548 751 567 789 et
577 751 650 789 atroces
661 742 710 788 effici
718 757 769 788 mor-

82 823 116 869 tes,
129 831 176 877 quas
189 816 295 861 incursibus
308 817 420 877 deputant.'’
434 820 518 862 Istorum
531 826 595 862 autem
608 818 695 861 locorum
708 817 769 860 omni·

81 889 141 934 moda
149 899 178 935 est
185 890 281 935 identitas.
290 892 372 944 Etenim,
381 893 412 935 hic
420 891 472 945 dicit,
480 893 534 951 quod
543 892 685 951 “suggessimus
693 891 770 935 nullum

82 971 145 1024 paene
158 954 259 1010 hominem
272 979 336 1008 carere
350 964 472 1018 daemonio,”
487 965 535 1009 dum
549 980 607 1025 supra
621 965 702 1017 dixerat,
716 963 770 1023 quod

84 1038 151 1080 “nulla
163 1036 225 1094 ferma
238 1039 328 1080 nativitas
340 1037 414 1081 munda
427 1039 474 1081 est.'’
489 1039 539 1081 Cum
551 1052 597 1081 vero
610 1039 642 1082 hic
655 1038 704 1082 alter
716 1037 770 1081 locus

83 1125 127 1154 cum
136 1111 234 1171 superiore
242 1110 319 1170 penitus
328 1110 393 1172 quoad
402 1119 537 1170 argumentum
546 1119 566 1157 et
575 1125 654 1171 scopum
663 1111 770 1162 conveniat,

83 1188 216 1246 posteriorque
227 1185 252 1231 ad
261 1187 346 1246 priorem
356 1185 380 1229 ab
391 1186 433 1244 ipso
443 1184 565 1227 Tertulliano
576 1183 675 1237 referatur,
685 1184 733 1229 alter
743 1185 771 1227 in·

84 1261 194 1305 dubitanter
202 1260 223 1302 in
231 1274 289 1303 sensu
297 1259 366 1319 prioris
375 1256 432 1302 debet
441 1259 568 1317 interpretari.
577 1260 676 1311 Attamen,
685 1259 723 1302 hoc
731 1271 771 1301 non

84 1334 179 1387 obstante,
194 1332 252 1393 plane
265 1333 364 1395 inuersum
378 1330 425 1376 lacit
439 1332 546 1376 SUAREZ.
561 1331 645 1377 Citando
660 1333 712 1377 enim
726 1333 772 1376 Ter·

85 1409 188 1452 tullianum
205 1409 225 1449 in
242 1406 329 1450 favorem
345 1406 451 1457 sententiae
468 1405 600 1459 affirmativae,
617 1413 673 1466 putat
690 1404 772 1450 diminu-

85 1484 158 1524 tionem
171 1495 205 1540 per
217 1481 331 1539 particulam
345 1480 431 1538 ''paene''
444 1480 540 1522 invectam
552 1494 576 1522 ex
588 1479 654 1538 aliqua
667 1478 772 1522 tormidine

86 1569 120 1598 seu
136 1552 271 1598 incertitudine
286 1560 384 1597 causatam
401 1551 467 1605 luisse,
484 1567 534 1612 quae
550 1560 616 1595 tamen
632 1552 721 1597 titubatio
738 1566 773 1612 per

86 1626 220 1687 praecedentia
229 1625 288 1670 verba
298 1627 347 1670 “Cui
356 1626 458 1679 hominum
467 1641 508 1669 non
518 1624 630 1670 adhaerebit
639 1628 686 1670 etc.''
697 1626 773 1669 tollere-

86 1701 139 1745 tur.35
157 1703 211 1744 Haec
229 1707 293 1743 autem
310 1699 419 1759 explicatio,
437 1714 460 1743 ex
477 1697 527 1743 falso
545 1699 645 1758 supposito
662 1697 773 1758 procedens,

87 1774 140 1834 quod
149 1774 281 1817 Tertullianus
290 1773 315 1816 de
325 1771 414 1817 omnibus
424 1771 535 1820 hominibus
544 1773 640 1832 loquatur,
651 1774 690 1816 iarn
699 1788 723 1816 ex
732 1774 774 1816 sola

87 1854 175 1890 textuum
187 1847 332 1905 comparatione
344 1845 458 1890 excluditur.
470 1848 515 1890 lure
529 1860 575 1904 ergo
589 1844 715 1900 concluditur,
728 1847 775 1891 Ter·

88 1920 196 1964 tullianum
204 1917 258 1963 nullo
267 1917 331 1963 modo
345 1920 451 1963 sententiae
464 1920 596 1972 affirmativae,
609 1928 631 1963 ut
643 1921 698 1973 iacet,
711 1927 775 1979 patro·

88 2007 153 2037 cinari.

128 2065 151 2127 6)
169 2064 317 2125 nquibusdam
331 2064 432 2109 adducitur
446 2066 504 2110 etiam
518 2066 535 2110 S.
550 2066 671 2119 BASlLIUS,
685 2080 709 2110 ex
722 2067 776 2110 cuius

88 2153 134 2180 vero
147 2139 220 2197 scriptis
232 2138 345 2196 perdifficile
357 2148 391 2190 est,
404 2139 490 2198 aliquam
503 2139 645 2197 expressionem
657 2139 689 2183 isti
702 2147 776 2183 senten·

89 2213 128 2254 tiae
140 2210 268 2254 favorabilem
281 2211 380 2270 expiscari.
394 2210 427 2254 nd
440 2225 537 2255 summum
551 2211 615 2255 afferri
628 2219 712 2271 possent,
727 2228 777 2274 quae

89 2285 148 2329 habet
161 2285 182 2327 in
195 2298 230 2326 suo
244 2285 387 2328 Commentario
402 2286 422 2328 m
436 2285 530 2338 lraianr,³⁶
544 2285 577 2331 ubi
591 2287 704 2345 explicatius
718 2301 777 2347 quam

90 2361 185 2417 Origenes
202 2358 257 2418 (vide
271 2373 328 2418 supra
341 2372 359 2418 p.
374 2358 410 2420 21)
428 2360 493 2403 locum
506 2360 563 2403 illum
576 2361 594 2404 S.
608 2363 671 2404 Lucae
686 2361 722 2422 (12
738 2361 773 2422 58)

90 2432 198 2491 perpendit,
208 2430 298 2474 dicendo:
311 2430 411 2474 “Proiecto
420 2433 452 2475 hic
461 2431 569 2475 consideres
578 2433 637 2475 velim
646 2432 776 2477 adversarium

132 2562 156 2597 34.
167 2561 273 2599 Tertullianus,
284 2562 309 2593 De
319 2561 379 2600 Anima,
391 2572 403 2595 c.
415 2566 434 2597 57
448 2563 484 2603 (PL.
496 2567 505 2595 2
518 2562 564 2602 793).

133 2609 157 2639 35.
168 2606 225 2642 Suana
239 2607 247 2636 8
261 2607 279 2635 21
293 2607 320 2642 303
332 2614 347 2644 p.
361 2608 404 2640 1097.

134 2648 157 2682 36.
169 2647 251 2679 Commeat.
261 2645 276 2679 in
285 2646 309 2684 rs..
319 2655 331 2679 c.
341 2650 348 2682 3
358 2657 372 2680 v.
382 2651 400 2680 12
412 2646 452 2689 (PG.
462 2651 481 2683 30
490 2647 536 2688 206).
