1657 3045
268 146 369 184 Daunum
382 147 524 184 Imruourroua
717 143 739 181 61

54 290 113 335 quam
125 273 178 326 boni,
194 274 233 317 sive
247 272 334 317 damnati
347 288 406 332 quam
420 273 481 317 electi.
501 275 607 325 Praeterea,
623 271 639 315 si
653 268 740 313 damnati

53 349 118 408 plures
133 354 176 390 sunt
191 347 275 398 salvatis,
290 345 389 406 quomodo
403 346 524 390 verificantur
536 345 596 390 verba
609 344 702 404 Apostoli
716 342 741 386 de

53 421 133 465 victoria
147 436 158 464 a
170 420 260 466 fidelibus
274 420 417 478 resurgentibus
430 421 451 463 in
464 420 629 464 immortalitatem
643 424 740 478 reportata

33 518 35 520 v
54 508 111 554 super
119 502 207 546 mortem,
217 496 270 537 cuius
278 495 381 553 imperium
390 493 473 538 habebat
482 494 571 538 diabolus
583 493 605 554 (1
616 495 694 538 Cor-,15
706 497 739 543 55;

53 567 114 612 Heba
126 573 137 611 2
149 567 199 629 14)?
210 569 319 620 Caeterum,
330 568 373 628 quis
382 574 447 627 potest
457 567 587 613 inscrutabilia
598 566 675 611 divinae
686 579 740 626 prae-

54 642 187 686 destinationis
198 642 269 687 iudicia
279 646 389 702 penetrare?

93 717 153 759 Hisce
167 730 213 758 vero
230 718 329 776 principiis
343 715 451 767 labefactis,
467 717 505 758 ruit
520 723 583 759 totum
599 723 740 774 argumentum.

54 791 98 833 Nec
115 789 282 848 praetereundum,
300 789 354 848 quod
371 789 499 841 Pictaviensis,
518 796 620 848 postquam
637 789 741 847 unicuique

54 862 129 904 homini
137 877 198 904 unum
207 861 322 905 daemonem
331 863 424 920 assignari
432 861 486 914 dixit,
495 863 516 903 in
524 861 563 904 fine
572 863 624 904 citati
633 860 741 919 argumenti

54 935 131 979 videtur
141 936 179 979 hoc
190 935 215 978 ad
227 936 279 979 solos
289 936 353 979 malos
363 936 452 979 homines
464 942 566 979 coarctare.
584 936 616 979 De
628 942 708 987 caetero,
720 941 742 977 ut

54 1010 157 1052 minimum
165 1009 245 1062 dicatur,
254 1010 348 1052 sententia
357 1010 471 1053 affirmativa
478 1010 499 1051 in
506 1025 540 1053 sua
547 1009 606 1068 plena
615 1008 742 1068 amplitudine

56 1081 80 1126 ab
93 1082 133 1125 illis
147 1097 187 1125 non
202 1090 323 1136 sustentatur,
339 1098 383 1126 cum
398 1099 409 1127 a
423 1081 549 1143 deputatione
563 1080 683 1142 singulorum
699 1081 742 1125 dae-

54 1171 136 1199 monum
147 1155 229 1215 singulir
239 1156 350 1200 hominibus
363 1158 454 1200 resiliant.

95 1233 155 1289 Quod
167 1233 195 1277 ad·
202 1235 302 1277 SUAREZ
313 1235 387 1287 attinet,
399 1242 427 1278 est
438 1234 506 1278 sedulo
517 1233 631 1287 notandum,
643 1232 743 1293 quomodo

56 1314 97 1349 tota
114 1321 148 1349 sua
164 1308 269 1366 speculatio
287 1322 344 1367 super
361 1300 433 1351 falsum
450 1307 599 1351 fundamentum
616 1314 742 1351 construatur.

56 1380 138 1432 Etenim,
152 1387 207 1422 vetus
223 1380 258 1423 illa
272 1380 341 1424 divisio
357 1381 471 1440 angelorum
486 1383 506 1424 in
522 1382 630 1424 assistentes
645 1388 665 1424 et
678 1381 743 1425 minis-

57 1460 129 1497 trantes
144 1453 246 1513 desumpta
261 1454 299 1498 iuit
314 1470 338 1499 ex
354 1456 455 1512 Dionysio,
471 1457 502 1500 cui
518 1457 578 1499 nimia
594 1456 696 1498 auctoritas
712 1455 743 1497 tri-

56 1526 156 1580 buebatur,
173 1542 196 1570 eo
212 1528 258 1587 quia
274 1527 379 1588 discipulus
396 1529 518 1573 immediatus
534 1529 675 1589 Apostolorum
692 1528 743 1572 falso

56 1604 165 1663 putabatur.
181 1607 204 1647 In
213 1605 293 1647 veritate
303 1612 368 1647 autem
377 1604 454 1663 penitus
464 1602 517 1647 abest
527 1602 676 1646 fundamentum
687 1603 743 1661 scrip-

57 1677 164 1720 turisticum
174 1676 276 1729 asserendi,
287 1676 411 1720 solummodo
420 1684 459 1720 tres
468 1675 569 1720 inferiores
578 1676 656 1719 ordines
666 1676 743 1735 angelo·

57 1766 100 1794 rum
110 1752 170 1804 mitti3
182 1752 222 1794 imo
233 1753 271 1794 hoc
282 1751 370 1794 sustineri
381 1767 421 1794 non
432 1759 501 1810 potest,
513 1752 550 1795 nisi
561 1750 644 1795 textibus
657 1765 671 1794 s.
683 1751 743 1810 Scrip-

57 1831 111 1868 turae
118 1825 159 1868 uim
167 1823 274 1868 inferendo.
290 1824 350 1880 Quod
358 1832 423 1868 autem
431 1825 496 1883 angeli
504 1825 611 1884 superiores
620 1824 645 1868 ad
652 1837 744 1884 personas

57 1899 202 1942 excellentiores
216 1900 322 1951 mittantur,
337 1913 434 1941 summum
448 1914 489 1942 esse
502 1898 584 1950 videtur,
600 1898 653 1958 quod
668 1896 744 1941 admitti

58 1979 127 2030 potest.
150 1968 240 2031 vSequitur
259 1987 311 2030 ergo,
329 1973 398 2015 Suarez
416 1987 439 2015 erc
456 1972 536 2016 illorum
554 1971 645 2030 analogia
661 1973 744 2030 gratuite

58 2046 194 2104 argumentari.

97 2123 177 2165 Accedit
187 2122 255 2175 adhuc,
265 2130 359 2181 quantum
369 2122 394 2165 ad
404 2123 457 2166 aliud
467 2123 518 2166 istud
528 2124 645 2183 principium
655 2123 680 2166 de
689 2125 745 2166 tertia

49 2203 112 2254 parte
124 2196 229 2255 lapsorum,
241 2195 294 2255 quod
306 2211 329 2239 ex
341 2211 355 2239 s.
367 2197 463 2255 Scriptura
474 2211 515 2239 non
526 2197 570 2257 plus
581 2197 674 2249 hauritur,
686 2212 745 2257 quam

58 2268 112 2327 quod
125 2267 191 2328 plures
205 2270 269 2327 angeli
283 2277 410 2327 peceaverunt
426 2269 483 2329 ('‘qui
497 2278 575 2328 paratus
590 2279 619 2314 est
632 2269 712 2321 diabolo
726 2278 745 2313 et

59 2342 133 2401 angelis
148 2343 200 2386 eius'’
215 2367 242 2373 —-
255 2344 293 2385 Mt.
309 2348 332 2388 25
348 2343 382 2395 41;
399 2343 465 2387 “Deus
480 2343 554 2402 angelis
569 2343 691 2403 peccantibus
705 2358 745 2387 non

59 2418 156 2475 pepercit'’
170 2441 196 2447 —
209 2422 221 2458 2
235 2419 284 2460 Pera.
299 2422 310 2459 2
325 2415 358 2475 4).
372 2416 493 2461 Probabilius
507 2425 572 2461 tamen
585 2424 667 2470 tenetur,
681 2419 745 2477 plures

59 2490 172 2533 remansisse
187 2504 246 2549 quam
260 2487 375 2541 ceciderunt,
391 2490 467 2549 ‘'quia''
483 2499 505 2534 ut
519 2489 566 2535 dicit
580 2491 745 2543 ANGELICUS‚⁷

60 2563 172 2623 “peccatum
186 2571 214 2607 est
228 2571 294 2607 contra
308 2563 416 2607 naturalem
429 2565 580 2609 inclinationem.
595 2567 623 2609 Ea
635 2580 681 2610 vero
696 2582 746 2627 quae

59 2665 120 2673 -ι

100 2704 114 2734 7.
125 2700 165 2733 Sum.
177 2698 234 2739 Theoi,
247 2705 254 2734 1
266 2711 280 2741 q.
292 2701 310 2736 63
323 2711 335 2733 a.
347 2704 369 2736 9c.
