1633 3045
90 104 111 140 32
289 99 319 136 Dr
331 99 460 137 Srnouronurr
472 100 575 137 Honmun

89 241 138 279 mus,
152 228 192 271 sive
205 240 292 285 parvum,
307 227 346 269 sive
359 241 458 285 magnum,
472 228 509 270 hoc
521 226 571 270 nulli
584 224 665 269 dubium
678 226 725 285 quin
738 239 777 269 ma·

90 300 166 359 lignum
176 299 267 358 angelum
277 301 396 344 hortatorem
406 299 517 352 habeamus,
528 302 562 359 qui
572 314 629 359 super
638 301 676 343 hoc
686 313 722 342 nos
732 314 778 358 gau-

91 373 139 416 dens
152 372 224 425 irridet,
237 387 282 415 cum
295 374 384 431 Angelus
397 381 473 417 sanctus
486 374 572 417 tristatur
585 381 604 416 et
618 372 676 415 dolet.
697 374 721 415 Et
733 372 778 415 ideo

91 461 135 490 cum
149 446 208 491 verba
223 447 286 489 otiosa
301 445 383 490 dicimus
399 455 433 490 aut
448 447 555 508 quidquam
570 446 617 489 mali
634 445 722 497 inclmus
739 444 778 489 dia-

90 519 176 564 bolicum
188 520 290 563 consilium
302 521 348 564 est.''

130 594 173 644 Ast,
188 600 265 651 tempus
280 601 329 636 esset
344 601 405 637 terere
419 596 457 637 hoc
472 595 604 636 testimonium
619 593 719 645 discutere,
735 607 779 635 cum

91 667 116 710 ad
125 682 222 711 summum
231 675 308 719 asserat,
318 668 419 713 diabolum
428 670 448 712 in
457 668 547 712 omnibus
556 668 629 711 actibus
637 668 694 710 malis
704 675 779 727 partem

92 740 174 783 activam
185 737 279 784 haberet

133 811 167 873 12)
183 811 280 858 Omnibus
292 812 376 858 textibus
387 813 496 858 traditionis
508 816 547 858 sive
558 813 647 872 genuinis
659 814 699 857 sive
711 814 780 873 spuriis

93 885 118 928 ad
126 887 218 929 trutinam
227 887 326 938 revocatis,
336 895 413 947 oportet
422 887 447 930 ad
456 889 506 930 hanc
515 895 589 948 partem
599 888 635 930 rite
643 886 780 946 complendam

92 960 249 1003 CASSIANUM
261 959 360 1012 adnotare,
373 961 406 1020 qui
418 962 524 1004 sententiae
535 960 638 1019 unicuique
650 961 726 1003 homini
738 947 780 1019 pross

93 1033 157 1091 prium
176 1032 291 1076 daemonem
311 1034 417 1092 assignanti
435 1033 514 1079 indubie
533 1033 617 1078 favebat.
637 1034 728 1086 Breviter,
747 1031 781 1076 sed

93 1107 174 1149 omnino
186 1105 237 1149 clare
250 1106 303 1166 apud
315 1104 375 1151 eum⁴⁵
388 1107 470 1153 habetur
482 1110 519 1152 ista
532 1109 633 1153 sententia:
648 1109 715 1152 “Nam
728 1107 781 1167 quod

93 1179 198 1239 unicuique
204 1187 292 1222 nostrum
299 1179 339 1223 duo
346 1182 462 1226 cohaereant
470 1182 540 1240 angeli,
548 1182 568 1226 id
576 1190 605 1225 est
612 1181 675 1226 bonus
683 1197 705 1225 ac
712 1181 781 1231 malus,

94 1252 188 1311 scrIptura
198 1258 283 1296 testatur.
294 1254 318 1296 Et
328 1252 353 1297 de
363 1252 419 1298 bonis
430 1253 509 1314 quidem
520 1255 603 1299 salvator
614 1271 638 1299 ne
649 1256 781 1306 contemnatis,

95 1330 189 1388 inquiens,
202 1343 262 1371 unum
276 1342 300 1371 ex
311 1326 388 1387 pusillis
400 1328 450 1369 istis:
463 1326 507 1370 dico
521 1329 571 1371 enirn
584 1327 639 1370 nolis
652 1327 705 1386 quod
717 1326 782 1385 angeli

96 1415 161 1444 eornm
174 1402 195 1444 in
207 1399 266 1443 coelis
276 1408 353 1461 semper
364 1399 431 1443 uident
441 1399 511 1457 taciem
524 1401 584 1461 puteis
596 1402 634 1444 nnei
647 1401 712 1461 quiin
724 1399 783 1444 coelis

94 1483 127 1517 est.
139 1474 191 1518 illud
198 1488 283 1533 quoque:
293 1474 384 1517 immittet
390 1471 472 1533 angelus
478 1472 554 1517 donnini
560 1475 580 1517 in
588 1473 667 1517 cirrnitu
673 1475 782 1518 timentium

96 1563 140 1592 eum
154 1557 173 1592 et
185 1547 253 1607 eripiet
266 1561 305 1591 eos.
324 1549 421 1592 Necnon
434 1549 493 1591 etiam
506 1548 560 1607 quod
573 1548 593 1590 in
606 1547 687 1591 rictibus
699 1548 783 1608 Aposto-

95 1620 159 1666 lorum
169 1622 194 1666 de
203 1623 259 1665 Petro
269 1620 344 1673 dicitur,
354 1622 400 1681 quia
409 1619 491 1679 angelus
501 1622 542 1664 eius
552 1630 584 1665 est.
600 1623 633 1665 De
642 1622 728 1681 utrisque
737 1636 783 1664 vero

97 1695 145 1740 liber
165 1695 250 1739 Pastoris
269 1688 381 1755 plenissime
401 1693 463 1738 docet.
474 1695 494 1738 Si
515 1702 580 1738 autem
600 1695 743 1739 consideremus
765 1702 784 1739 et

97 1769 153 1812 illum
169 1769 203 1829 qui
217 1768 296 1812 beatum
311 1768 347 1825 Job
364 1770 449 1828 expetiit,
466 1770 585 1828 apertissime
600 1770 712 1812 instruimur
727 1769 784 1812 illum

98 1841 163 1893 fuisse,
178 1843 212 1902 qui
227 1856 302 1900 semper
316 1840 417 1884 insidiatus
432 1843 450 1883 ei
464 1857 571 1901 numquam
587 1857 631 1885 eurn
646 1843 671 1886 ad
685 1849 785 1901 peccatum

98 1916 182 1974 potuerit
195 1914 280 1966 incitare,
297 1913 400 1958 etidcirco
416 1922 532 1974 potestatem
547 1931 558 1958 a
573 1915 653 1958 domino
667 1917 784 1975 poposcisse,

97 1987 151 2031 velut
164 1989 197 2047 qui
210 2001 250 2030 non
261 1988 334 2044 ¹virtute
346 1987 405 2039 illius,
419 1987 453 2031 sed
466 1987 541 2031 domini
554 1986 668 2032 defensione
681 1990 715 2048 qui
728 1989 785 2032 illurn

96 2085 158 2092 ...α-.-

139 2125 163 2157 lt.
176 2123 230 2166 Quoad
243 2124 344 2156 anctoritatem
356 2124 419 2156 istorum
431 2127 515 2157 sermonum
528 2124 582 2157 sufficit
593 2130 644 2157 notare
657 2125 742 2163 Batonium,
755 2125 786 2157 An·

99 2165 139 2199 nales
148 2165 207 2204 nectes,
215 2167 232 2199 V
242 2165 298 2207 (Lucae
308 2166 355 2207 1739)
368 2168 398 2201 536
406 2177 451 2207 super
459 2178 483 2199 an.
493 2171 521 2203 382
531 2177 545 2199 n.
556 2167 580 2206 26,
589 2165 615 2200 ubi
624 2173 667 2199 vocat
676 2172 750 2200 auctorem
759 2168 786 2200 irn-

98 2215 178 2251 pastorem,
190 2210 233 2241 ”cum
243 2208 325 2242 multorum
335 2208 446 2242 mendaciorum
456 2210 565 2243 sanctissimum
576 2220 592 2242 ac
604 2208 705 2242 doctissimum
718 2210 760 2251 (ie,
772 2211 787 2242 S.

98 2251 209 2293 Augustinum)
223 2252 316 2284 constitnerit
327 2251 508 2290 assertorem....¹¹ibid.,
521 2256 549 2287 588
562 2262 606 2293 super
617 2262 640 2283 an.
653 2256 680 2286 385
693 2264 708 2284 nr
721 2257 744 2291 12,
756 2263 787 2293 quo

99 2296 116 2328 In
126 2295 160 2328 loco
171 2294 212 2332 dicit,
224 2293 265 2333 quod
276 2292 350 2334 ''trigIdus
362 2294 388 2326 ille
398 2293 523 2327 fictor...mnlta
535 2294 592 2334 deliria,
604 2305 643 2326 vana
653 2301 668 2327 et
680 2293 748 2327 fabulosa
760 2293 787 2326 sub

99 2338 136 2370 tanti
145 2338 192 2369 Patris
200 2336 262 2368 nomine
270 2336 371 2377 imprudenter
380 2334 453 2369 effutiat''
462 2338 481 2370 Et
490 2338 503 2370 si
511 2337 545 2378 quis
554 2336 584 2368 alia
593 2335 648 2368 iudicia
657 2336 735 2376 desiderat,
744 2336 787 2369 adeat

99 2381 152 2420 Migne
167 2379 204 2421 (PL.
216 2379 236 2411 ro
249 2382 287 2414 1233
301 2378 329 2419 s),
341 2378 367 2411 ubi
380 2377 468 2418 referuntur,
481 2390 494 2413 e.
500 2390 519 2420 g„
532 2380 630 2412 Lovanienses
643 2379 709 2420 theologi
722 2379 787 2412 dicentes

99 2432 174 2454 sermones
185 2421 220 2454 Illos
231 2421 316 2462 aquodam
327 2421 411 2453 semilatino
423 2422 488 2455 exercitii
500 2431 543 2454 causa
555 2421 645 2460 conscriptos
656 2432 692 2453 esser
704 2422 786 2459 Caeterum,

100 2463 118 2497 ab
129 2462 198 2497 omnibns
209 2468 270 2501 tenetur,
282 2463 328 2495 dictos
339 2473 413 2495 sermones
424 2464 466 2496 nulla
476 2473 537 2504 prorsus
547 2462 612 2503 gaudere
622 2463 712 2502 auctoritate,
724 2463 788 2504 Ideoque

99 2507 116 2539 in
125 2506 198 2547 praesenti
207 2514 241 2538 casu
250 2506 303 2538 merito
311 2505 443 2547 parvipenduntur.

140 2560 165 2594 45.
174 2559 258 2596 Cassianus,
267 2557 306 2590 Call.
316 2562 325 2590 8
335 2558 362 2598 (tr
370 2559 429 2599 Sereni)
441 2568 453 2591 c.
462 2563 481 2599 tt
490 2568 514 2600 ap,
523 2558 679 2599 clarissumarum
688 2557 742 2591 Euclea.
750 2559 787 2596 Lat,

98 2602 121 2635 ed,
134 2602 156 2635 M.
169 2601 261 2641 Petschenig,
273 2602 313 2633 XIII
328 2600 436 2641 (vindobonae
449 2602 497 2641 1886)
513 2601 587 2639 233·23⁴l;
599 2601 623 2633 vel
636 2602 696 2640 Hurter,
710 2600 787 2643 Opascnla

100 2645 164 2682 Parrum,
176 2654 203 2677 ser.
215 2647 224 2676 2
236 2643 266 2676 vol.
278 2646 287 2678 3
298 2651 314 2683 p.
326 2644 363 2682 2613
375 2644 406 2677 PLz
415 2644 434 2680 49
446 2648 480 2679 750.
