<?xml version="1.0" encoding="UTF-8"?>
<!DOCTYPE html PUBLIC "-//W3C//DTD XHTML 1.0 Transitional//EN"
    "http://www.w3.org/TR/xhtml1/DTD/xhtml1-transitional.dtd">
<html xmlns="http://www.w3.org/1999/xhtml" xml:lang="en" lang="en">
 <head>
  <title>
</title>
<meta http-equiv="Content-Type" content="text/html;charset=utf-8" />
  <meta name='ocr-system' content='tesseract 3.04.00' />
  <meta name='ocr-capabilities' content='ocr_page ocr_carea ocr_par ocr_line ocrx_word'/>
</head>
<body>
  <div class='ocr_page' id='page_1' title='image "MN41545ucmf_5_0083.png"; bbox 0 0 1657 3045; ppageno 0'>
   <div class='ocr_carea' id='block_1_1' title="bbox 247 122 503 158">
    <p class='ocr_par' dir='ltr' id='par_1_1' title="bbox 247 122 503 158">
     <span class='ocr_line' id='line_1_1' title="bbox 247 122 503 158; baseline 0 -1"><span class='ocrx_word' id='word_1_1' title='bbox 247 122 348 158; x_wconf 78' lang='lat' dir='ltr'>Dnruoua</span> <span class='ocrx_word' id='word_1_2' title='bbox 362 122 503 158; x_wconf 62' lang='lat' dir='ltr'>urrumnoda</span> 
     </span>
    </p>
   </div>
   <div class='ocr_carea' id='block_1_2' title="bbox 74 247 653 354">
    <p class='ocr_par' dir='ltr' id='par_1_2' title="bbox 74 247 653 354">
     <span class='ocr_line' id='line_1_2' title="bbox 75 247 652 300; baseline -0.005 -14"><span class='ocrx_word' id='word_1_3' title='bbox 75 248 112 286; x_wconf 83' lang='lat' dir='ltr'>Hit.</span> <span class='ocrx_word' id='word_1_4' title='bbox 124 256 140 286; x_wconf 92' lang='lat' dir='ltr'>et</span> <span class='ocrx_word' id='word_1_5' title='bbox 151 249 198 300; x_wconf 81' lang='lat' dir='ltr'>Hug.</span> <span class='ocrx_word' id='word_1_6' title='bbox 205 255 252 286; x_wconf 79' lang='lat' dir='ltr'>—et</span> <span class='ocrx_word' id='word_1_7' title='bbox 263 248 374 286; x_wconf 88' lang='lat' dir='ltr'>communiter</span> <span class='ocrx_word' id='word_1_8' title='bbox 385 247 434 286; x_wconf 89' lang='lat' dir='ltr'>saluti</span> <span class='ocrx_word' id='word_1_9' title='bbox 445 249 523 286; x_wconf 92' lang='lat' dir='ltr'>omniurn</span> <span class='ocrx_word' id='word_1_10' title='bbox 534 247 616 285; x_wconf 90' lang='lat' dir='ltr'>studeant.</span> <span class='ocrx_word' id='word_1_11' title='bbox 625 276 628 284; x_wconf 94' lang='lat'>.</span> <span class='ocrx_word' id='word_1_12' title='bbox 637 275 652 284; x_wconf 91' lang='lat'>..</span> 
     </span>
     <span class='ocr_line' id='line_1_3' title="bbox 74 298 653 354; baseline -0.005 -15"><span class='ocrx_word' id='word_1_13' title='bbox 74 302 122 353; x_wconf 79' lang='lat' dir='ltr'>Mag.</span> <span class='ocrx_word' id='word_1_14' title='bbox 128 322 153 328; x_wconf 77' lang='lat'>-</span> <span class='ocrx_word' id='word_1_15' title='bbox 234 301 380 354; x_wconf 79' lang='lat' dir='ltr'>communiterque</span> <span class='ocrx_word' id='word_1_16' title='bbox 389 300 439 338; x_wconf 87' lang='lat' dir='ltr'>saluti</span> <span class='ocrx_word' id='word_1_17' title='bbox 448 301 526 338; x_wconf 91' lang='lat' dir='ltr'>omnium</span> <span class='ocrx_word' id='word_1_18' title='bbox 535 298 617 337; x_wconf 87' lang='lat' dir='ltr'>studeant.</span> <span class='ocrx_word' id='word_1_19' title='bbox 626 328 629 336; x_wconf 93' lang='lat'>.</span> <span class='ocrx_word' id='word_1_20' title='bbox 638 328 653 336; x_wconf 97' lang='lat'>..</span> 
     </span>
    </p>
   </div>
   <div class='ocr_carea' id='block_1_3' title="bbox 74 362 607 520">
    <p class='ocr_par' dir='ltr' id='par_1_3' title="bbox 74 362 607 520">
     <span class='ocr_line' id='line_1_4' title="bbox 74 362 605 415; baseline -0.004 -14"><span class='ocrx_word' id='word_1_21' title='bbox 74 363 111 402; x_wconf 82' lang='lat' dir='ltr'>Hii.</span> <span class='ocrx_word' id='word_1_22' title='bbox 118 386 142 393; x_wconf 82' lang='lat'>-</span> <span class='ocrx_word' id='word_1_23' title='bbox 233 376 272 401; x_wconf 92' lang='lat' dir='ltr'>eum</span> <span class='ocrx_word' id='word_1_24' title='bbox 282 362 376 415; x_wconf 80' lang='lat' dir='ltr'>specialiter</span> <span class='ocrx_word' id='word_1_25' title='bbox 385 363 407 401; x_wconf 92' lang='lat' dir='ltr'>ad</span> <span class='ocrx_word' id='word_1_26' title='bbox 416 363 481 403; x_wconf 92' lang='lat' dir='ltr'>bonum</span> <span class='ocrx_word' id='word_1_27' title='bbox 490 364 581 402; x_wconf 81' lang='lat' dir='ltr'>hortatur..</span> <span class='ocrx_word' id='word_1_28' title='bbox 590 393 593 400; x_wconf 92' lang='grc'>.</span> <span class='ocrx_word' id='word_1_29' title='bbox 602 393 605 399; x_wconf 93' lang='grc'>.</span> 
     </span>
     <span class='ocr_line' id='line_1_5' title="bbox 74 414 562 468; baseline -0.002 -14"><span class='ocrx_word' id='word_1_30' title='bbox 74 416 121 468; x_wconf 80' lang='lat' dir='ltr'>Hag.</span> <span class='ocrx_word' id='word_1_31' title='bbox 128 437 153 444; x_wconf 64' lang='grc'>»-</span> <span class='ocrx_word' id='word_1_32' title='bbox 235 429 274 453; x_wconf 91' lang='lat' dir='ltr'>eum</span> <span class='ocrx_word' id='word_1_33' title='bbox 281 417 338 468; x_wconf 90' lang='lat' dir='ltr'>potius</span> <span class='ocrx_word' id='word_1_34' title='bbox 346 414 368 453; x_wconf 92' lang='lat' dir='ltr'>ad</span> <span class='ocrx_word' id='word_1_35' title='bbox 375 415 440 454; x_wconf 89' lang='lat' dir='ltr'>bonum</span> <span class='ocrx_word' id='word_1_36' title='bbox 446 417 527 453; x_wconf 78' lang='lat' dir='ltr'>hortatur.</span> <span class='ocrx_word' id='word_1_37' title='bbox 535 445 539 453; x_wconf 86' lang='lat'>.</span> <span class='ocrx_word' id='word_1_38' title='bbox 547 445 562 453; x_wconf 90' lang='lat'>..</span> 
     </span>
     <span class='ocr_line' id='line_1_6' title="bbox 75 468 607 520; baseline -0.002 -14"><span class='ocrx_word' id='word_1_39' title='bbox 75 469 123 520; x_wconf 82' lang='lat' dir='ltr'>Mag.</span> <span class='ocrx_word' id='word_1_40' title='bbox 130 490 154 496; x_wconf 71' lang='lat'><em>-</em></span> <span class='ocrx_word' id='word_1_41' title='bbox 235 480 274 507; x_wconf 91' lang='lat' dir='ltr'>eum</span> <span class='ocrx_word' id='word_1_42' title='bbox 283 468 377 519; x_wconf 79' lang='lat' dir='ltr'>specialiter</span> <span class='ocrx_word' id='word_1_43' title='bbox 386 468 461 506; x_wconf 79' lang='lat' dir='ltr'>hortatur</span> <span class='ocrx_word' id='word_1_44' title='bbox 471 468 493 506; x_wconf 90' lang='lat' dir='ltr'>ad</span> <span class='ocrx_word' id='word_1_45' title='bbox 501 468 571 507; x_wconf 92' lang='lat' dir='ltr'>bonum.</span> <span class='ocrx_word' id='word_1_46' title='bbox 580 497 583 505; x_wconf 97' lang='lat'>.</span> <span class='ocrx_word' id='word_1_47' title='bbox 592 497 607 506; x_wconf 92' lang='lat'>..</span> 
     </span>
    </p>
   </div>
   <div class='ocr_carea' id='block_1_4' title="bbox 75 528 721 1077">
    <p class='ocr_par' dir='ltr' id='par_1_4' title="bbox 76 528 721 621">
     <span class='ocr_line' id='line_1_7' title="bbox 76 528 721 582; baseline -0.006 -13"><span class='ocrx_word' id='word_1_48' title='bbox 76 530 113 569; x_wconf 75' lang='lat' dir='ltr'>Hit.</span> <span class='ocrx_word' id='word_1_49' title='bbox 125 537 141 569; x_wconf 87' lang='lat' dir='ltr'>et</span> <span class='ocrx_word' id='word_1_50' title='bbox 152 531 316 582; x_wconf 79' lang='lat' dir='ltr'>Hug—Similiter</span> <span class='ocrx_word' id='word_1_51' title='bbox 332 538 348 569; x_wconf 91' lang='lat' dir='ltr'>et</span> <span class='ocrx_word' id='word_1_52' title='bbox 363 530 404 568; x_wconf 88' lang='lat' dir='ltr'>mali</span> <span class='ocrx_word' id='word_1_53' title='bbox 420 530 476 581; x_wconf 81' lang='lat' dir='ltr'>angeli</span> <span class='ocrx_word' id='word_1_54' title='bbox 491 544 530 568; x_wconf 88' lang='lat' dir='ltr'>cum</span> <span class='ocrx_word' id='word_1_55' title='bbox 546 530 641 568; x_wconf 80' lang='lat' dir='ltr'>desiderent</span> <span class='ocrx_word' id='word_1_56' title='bbox 657 528 721 567; x_wconf 90' lang='lat' dir='ltr'>malum</span> 
     </span>
     <span class='ocr_line' id='line_1_8' title="bbox 236 595 313 621; baseline -0.013 0"><span class='ocrx_word' id='word_1_57' title='bbox 236 595 313 621; x_wconf 89' lang='lat' dir='ltr'>omnium</span> 
     </span>
    </p>

    <p class='ocr_par' dir='ltr' id='par_1_5' title="bbox 75 615 721 733">
     <span class='ocr_line' id='line_1_9' title="bbox 75 615 721 687; baseline -0.005 -14"><span class='ocrx_word' id='word_1_58' title='bbox 75 636 154 687; x_wconf 74' lang='lat' dir='ltr'>Mag—</span> <span class='ocrx_word' id='word_1_59' title='bbox 236 615 318 673; x_wconf 73' lang='lat' dir='ltr'>Similitef</span> <span class='ocrx_word' id='word_1_60' title='bbox 332 641 348 673; x_wconf 89' lang='lat' dir='ltr'>et</span> <span class='ocrx_word' id='word_1_61' title='bbox 363 634 404 672; x_wconf 90' lang='lat' dir='ltr'>mali</span> <span class='ocrx_word' id='word_1_62' title='bbox 420 634 476 685; x_wconf 89' lang='lat' dir='ltr'>angeli</span> <span class='ocrx_word' id='word_1_63' title='bbox 492 647 530 672; x_wconf 87' lang='lat' dir='ltr'>cum</span> <span class='ocrx_word' id='word_1_64' title='bbox 546 634 642 673; x_wconf 82' lang='lat' dir='ltr'>desiderent</span> <span class='ocrx_word' id='word_1_65' title='bbox 656 634 721 671; x_wconf 89' lang='lat' dir='ltr'>malum</span> 
     </span>
     <span class='ocr_line' id='line_1_10' title="bbox 235 688 331 733; baseline 0 -8"><span class='ocrx_word' id='word_1_66' title='bbox 235 688 331 733; x_wconf 89' lang='lat' dir='ltr'>hominum,</span> 
     </span>
    </p>

    <p class='ocr_par' dir='ltr' id='par_1_6' title="bbox 75 748 628 798">
     <span class='ocr_line' id='line_1_11' title="bbox 75 748 628 798; baseline -0.002 -11"><span class='ocrx_word' id='word_1_67' title='bbox 75 749 112 787; x_wconf 84' lang='lat' dir='ltr'>Hil.</span> <span class='ocrx_word' id='word_1_68' title='bbox 119 771 143 778; x_wconf 82' lang='lat'><em>-</em></span> <span class='ocrx_word' id='word_1_69' title='bbox 235 755 291 786; x_wconf 90' lang='lat' dir='ltr'>tamen</span> <span class='ocrx_word' id='word_1_70' title='bbox 300 750 354 798; x_wconf 88' lang='lat' dir='ltr'>magis</span> <span class='ocrx_word' id='word_1_71' title='bbox 363 748 433 785; x_wconf 89' lang='lat' dir='ltr'>infestat</span> <span class='ocrx_word' id='word_1_72' title='bbox 442 760 481 786; x_wconf 91' lang='lat' dir='ltr'>eum</span> <span class='ocrx_word' id='word_1_73' title='bbox 490 748 544 786; x_wconf 91' lang='lat' dir='ltr'>malus</span> <span class='ocrx_word' id='word_1_74' title='bbox 553 748 628 798; x_wconf 80' lang='lat' dir='ltr'>angelus,</span> 
     </span>
    </p>

    <p class='ocr_par' dir='ltr' id='par_1_7' title="bbox 75 800 628 853">
     <span class='ocr_line' id='line_1_12' title="bbox 75 800 628 853; baseline 0 -14"><span class='ocrx_word' id='word_1_75' title='bbox 75 802 122 853; x_wconf 83' lang='lat' dir='ltr'>Hug.</span> <span class='ocrx_word' id='word_1_76' title='bbox 129 825 153 830; x_wconf 77' lang='lat'><em>-</em></span> <span class='ocrx_word' id='word_1_77' title='bbox 235 806 292 839; x_wconf 90' lang='lat' dir='ltr'>tamen</span> <span class='ocrx_word' id='word_1_78' title='bbox 303 801 357 851; x_wconf 82' lang='lat' dir='ltr'>magis</span> <span class='ocrx_word' id='word_1_79' title='bbox 369 800 426 838; x_wconf 86' lang='lat' dir='ltr'>incitat</span> <span class='ocrx_word' id='word_1_80' title='bbox 438 811 477 837; x_wconf 92' lang='lat' dir='ltr'>eum</span> <span class='ocrx_word' id='word_1_81' title='bbox 488 800 542 838; x_wconf 91' lang='lat' dir='ltr'>malus</span> <span class='ocrx_word' id='word_1_82' title='bbox 553 800 628 850; x_wconf 77' lang='lat' dir='ltr'>angelus,</span> 
     </span>
    </p>

    <p class='ocr_par' dir='ltr' id='par_1_8' title="bbox 75 851 721 950">
     <span class='ocr_line' id='line_1_13' title="bbox 75 851 721 907; baseline -0.008 -13"><span class='ocrx_word' id='word_1_83' title='bbox 75 855 154 907; x_wconf 84' lang='lat' dir='ltr'>Mag.-</span> <span class='ocrx_word' id='word_1_84' title='bbox 235 854 289 904; x_wconf 88' lang='lat' dir='ltr'>magis</span> <span class='ocrx_word' id='word_1_85' title='bbox 304 859 361 891; x_wconf 89' lang='lat' dir='ltr'>tamen</span> <span class='ocrx_word' id='word_1_86' title='bbox 374 853 462 890; x_wconf 86' lang='lat' dir='ltr'>hominem</span> <span class='ocrx_word' id='word_1_87' title='bbox 477 852 499 890; x_wconf 94' lang='lat' dir='ltr'>ad</span> <span class='ocrx_word' id='word_1_88' title='bbox 513 852 577 890; x_wconf 93' lang='lat' dir='ltr'>malum</span> <span class='ocrx_word' id='word_1_89' title='bbox 591 853 653 898; x_wconf 87' lang='lat' dir='ltr'>incitat,</span> <span class='ocrx_word' id='word_1_90' title='bbox 669 851 721 890; x_wconf 86' lang='lat' dir='ltr'>etad</span> 
     </span>
     <span class='ocr_line' id='line_1_14' title="bbox 236 906 512 950; baseline -0.007 -6"><span class='ocrx_word' id='word_1_91' title='bbox 236 906 333 944; x_wconf 89' lang='lat' dir='ltr'>nocendum</span> <span class='ocrx_word' id='word_1_92' title='bbox 343 906 405 943; x_wconf 89' lang='lat' dir='ltr'>fortius</span> <span class='ocrx_word' id='word_1_93' title='bbox 416 906 467 943; x_wconf 90' lang='lat' dir='ltr'>instat</span> <span class='ocrx_word' id='word_1_94' title='bbox 478 906 512 950; x_wconf 86' lang='lat' dir='ltr'>ille,</span> 
     </span>
    </p>

    <p class='ocr_par' dir='ltr' id='par_1_9' title="bbox 75 966 607 1022">
     <span class='ocr_line' id='line_1_15' title="bbox 75 966 607 1022; baseline -0.006 -14"><span class='ocrx_word' id='word_1_95' title='bbox 75 969 112 1008; x_wconf 87' lang='lat' dir='ltr'>Hil.</span> <span class='ocrx_word' id='word_1_96' title='bbox 124 976 141 1008; x_wconf 86' lang='lat' dir='ltr'>et</span> <span class='ocrx_word' id='word_1_97' title='bbox 151 970 198 1021; x_wconf 81' lang='lat' dir='ltr'>Hag.</span> <span class='ocrx_word' id='word_1_98' title='bbox 205 969 265 1022; x_wconf 90' lang='lat' dir='ltr'>—qui</span> <span class='ocrx_word' id='word_1_99' title='bbox 275 968 367 1020; x_wconf 85' lang='lat' dir='ltr'>permissus</span> <span class='ocrx_word' id='word_1_100' title='bbox 376 973 401 1005; x_wconf 90' lang='lat' dir='ltr'>est</span> <span class='ocrx_word' id='word_1_101' title='bbox 411 968 427 1005; x_wconf 93' lang='lat' dir='ltr'>ei</span> <span class='ocrx_word' id='word_1_102' title='bbox 437 966 607 1006; x_wconf 71' lang='lat' dir='ltr'>refrenandum...</span> 
     </span>
    </p>

    <p class='ocr_par' dir='ltr' id='par_1_10' title="bbox 76 1023 629 1077">
     <span class='ocr_line' id='line_1_16' title="bbox 76 1023 629 1077; baseline -0.002 -14"><span class='ocrx_word' id='word_1_103' title='bbox 76 1026 154 1077; x_wconf 70' lang='lat' dir='ltr'>Mag-</span> <span class='ocrx_word' id='word_1_104' title='bbox 235 1025 265 1077; x_wconf 89' lang='lat' dir='ltr'>qui</span> <span class='ocrx_word' id='word_1_105' title='bbox 277 1024 298 1062; x_wconf 88' lang='lat' dir='ltr'>ad</span> <span class='ocrx_word' id='word_1_106' title='bbox 309 1024 407 1062; x_wconf 81' lang='lat' dir='ltr'>exercitium</span> <span class='ocrx_word' id='word_1_107' title='bbox 417 1024 453 1062; x_wconf 92' lang='lat' dir='ltr'>eius</span> <span class='ocrx_word' id='word_1_108' title='bbox 464 1023 553 1075; x_wconf 87' lang='lat' dir='ltr'>deputatus</span> <span class='ocrx_word' id='word_1_109' title='bbox 564 1030 593 1062; x_wconf 86' lang='lat' dir='ltr'>est.</span> <span class='ocrx_word' id='word_1_110' title='bbox 602 1053 605 1062; x_wconf 94' lang='lat'>.</span> <span class='ocrx_word' id='word_1_111' title='bbox 614 1053 629 1062; x_wconf 84' lang='grc'>..</span> 
     </span>
    </p>
   </div>
   <div class='ocr_carea' id='block_1_5' title="bbox 33 1110 721 1538">
    <p class='ocr_par' dir='ltr' id='par_1_11' title="bbox 33 1110 721 1538">
     <span class='ocr_line' id='line_1_17' title="bbox 72 1110 720 1172; baseline -0.008 -15"><span class='ocrx_word' id='word_1_112' title='bbox 72 1115 101 1157; x_wconf 82' lang='lat' dir='ltr'>Ex</span> <span class='ocrx_word' id='word_1_113' title='bbox 111 1114 170 1157; x_wconf 90' lang='lat' dir='ltr'>hocce</span> <span class='ocrx_word' id='word_1_114' title='bbox 181 1113 269 1156; x_wconf 87' lang='lat' dir='ltr'>examine</span> <span class='ocrx_word' id='word_1_115' title='bbox 279 1111 375 1155; x_wconf 85' lang='lat' dir='ltr'>materiali</span> <span class='ocrx_word' id='word_1_116' title='bbox 386 1118 445 1172; x_wconf 89' lang='lat' dir='ltr'>patet,</span> <span class='ocrx_word' id='word_1_117' title='bbox 456 1112 550 1154; x_wconf 91' lang='lat' dir='ltr'>maiorem</span> <span class='ocrx_word' id='word_1_118' title='bbox 561 1125 602 1153; x_wconf 87' lang='lat' dir='ltr'>esse</span> <span class='ocrx_word' id='word_1_119' title='bbox 613 1110 720 1153; x_wconf 87' lang='lat' dir='ltr'>similitudi-</span> 
     </span>
     <span class='ocr_line' id='line_1_18' title="bbox 34 1173 721 1244; baseline -0.003 -15"><span class='ocrx_word' id='word_1_120' title='bbox 34 1202 79 1230; x_wconf 89' lang='lat' dir='ltr'>nem</span> <span class='ocrx_word' id='word_1_121' title='bbox 89 1187 139 1230; x_wconf 88' lang='lat' dir='ltr'>inter</span> <span class='ocrx_word' id='word_1_122' title='bbox 148 1173 285 1231; x_wconf 89' lang='lat' dir='ltr'>Hildebertum</span> <span class='ocrx_word' id='word_1_123' title='bbox 296 1194 315 1229; x_wconf 89' lang='lat' dir='ltr'>et</span> <span class='ocrx_word' id='word_1_124' title='bbox 325 1188 437 1243; x_wconf 79' lang='lat' dir='ltr'>Hugonem</span> <span class='ocrx_word' id='word_1_125' title='bbox 449 1201 508 1244; x_wconf 90' lang='lat' dir='ltr'>quam</span> <span class='ocrx_word' id='word_1_126' title='bbox 518 1186 568 1227; x_wconf 88' lang='lat' dir='ltr'>inter</span> <span class='ocrx_word' id='word_1_127' title='bbox 578 1185 691 1227; x_wconf 86' lang='lat' dir='ltr'>alterutrum</span> <span class='ocrx_word' id='word_1_128' title='bbox 703 1191 721 1227; x_wconf 94' lang='lat' dir='ltr'>et</span> 
     </span>
     <span class='ocr_line' id='line_1_19' title="bbox 34 1258 719 1318; baseline -0.003 -15"><span class='ocrx_word' id='word_1_129' title='bbox 34 1260 156 1318; x_wconf 83' lang='lat' dir='ltr'>Magistrum.</span> <span class='ocrx_word' id='word_1_130' title='bbox 179 1258 216 1302; x_wconf 88' lang='lat' dir='ltr'>illa</span> <span class='ocrx_word' id='word_1_131' title='bbox 229 1259 320 1302; x_wconf 85' lang='lat' dir='ltr'>identitas</span> <span class='ocrx_word' id='word_1_132' title='bbox 335 1258 499 1302; x_wconf 87' lang='lat' dir='ltr'>fermeabsoluta</span> <span class='ocrx_word' id='word_1_133' title='bbox 513 1259 562 1301; x_wconf 88' lang='lat' dir='ltr'>inter</span> <span class='ocrx_word' id='word_1_134' title='bbox 577 1258 625 1302; x_wconf 89' lang='lat' dir='ltr'>duos</span> <span class='ocrx_word' id='word_1_135' title='bbox 640 1259 719 1317; x_wconf 85' lang='lat' dir='ltr'>priores,</span> 
     </span>
     <span class='ocr_line' id='line_1_20' title="bbox 33 1331 719 1393; baseline -0.003 -16"><span class='ocrx_word' id='word_1_136' title='bbox 33 1334 79 1393; x_wconf 91' lang='lat' dir='ltr'>quia</span> <span class='ocrx_word' id='word_1_137' title='bbox 90 1348 131 1376; x_wconf 92' lang='lat' dir='ltr'>non</span> <span class='ocrx_word' id='word_1_138' title='bbox 142 1340 218 1376; x_wconf 89' lang='lat' dir='ltr'>tantum</span> <span class='ocrx_word' id='word_1_139' title='bbox 230 1333 251 1376; x_wconf 92' lang='lat' dir='ltr'>in</span> <span class='ocrx_word' id='word_1_140' title='bbox 262 1333 300 1375; x_wconf 91' lang='lat' dir='ltr'>hoc</span> <span class='ocrx_word' id='word_1_141' title='bbox 312 1333 361 1385; x_wconf 92' lang='lat' dir='ltr'>loc0,</span> <span class='ocrx_word' id='word_1_142' title='bbox 374 1331 408 1375; x_wconf 89' lang='lat' dir='ltr'>sed</span> <span class='ocrx_word' id='word_1_143' title='bbox 421 1332 479 1375; x_wconf 90' lang='lat' dir='ltr'>etiarn</span> <span class='ocrx_word' id='word_1_144' title='bbox 491 1346 526 1392; x_wconf 87' lang='lat' dir='ltr'>per</span> <span class='ocrx_word' id='word_1_145' title='bbox 538 1339 600 1375; x_wconf 89' lang='lat' dir='ltr'>toturn</span> <span class='ocrx_word' id='word_1_146' title='bbox 612 1338 719 1383; x_wconf 84' lang='lat' dir='ltr'>tractatum,</span> 
     </span>
     <span class='ocr_line' id='line_1_21' title="bbox 34 1405 720 1466; baseline -0.003 -17"><span class='ocrx_word' id='word_1_147' title='bbox 34 1408 105 1449; x_wconf 90' lang='lat' dir='ltr'>utiam</span> <span class='ocrx_word' id='word_1_148' title='bbox 117 1405 190 1449; x_wconf 91' lang='lat' dir='ltr'>dictum</span> <span class='ocrx_word' id='word_1_149' title='bbox 202 1413 236 1458; x_wconf 90' lang='lat' dir='ltr'>est,</span> <span class='ocrx_word' id='word_1_150' title='bbox 248 1407 337 1465; x_wconf 83' lang='lat' dir='ltr'>persistit,</span> <span class='ocrx_word' id='word_1_151' title='bbox 351 1407 479 1465; x_wconf 83' lang='lat' dir='ltr'>suspicionem</span> <span class='ocrx_word' id='word_1_152' title='bbox 491 1407 547 1466; x_wconf 89' lang='lat' dir='ltr'>parit,</span> <span class='ocrx_word' id='word_1_153' title='bbox 560 1405 613 1465; x_wconf 89' lang='lat' dir='ltr'>quod</span> <span class='ocrx_word' id='word_1_154' title='bbox 626 1405 651 1447; x_wconf 92' lang='lat' dir='ltr'>de</span> <span class='ocrx_word' id='word_1_155' title='bbox 661 1420 720 1464; x_wconf 90' lang='lat' dir='ltr'>opere</span> 
     </span>
     <span class='ocr_line' id='line_1_22' title="bbox 34 1478 720 1538; baseline 0 -17"><span class='ocrx_word' id='word_1_156' title='bbox 34 1478 121 1522; x_wconf 78' lang='lat' dir='ltr'>fortassis</span> <span class='ocrx_word' id='word_1_157' title='bbox 133 1480 189 1522; x_wconf 90' lang='lat' dir='ltr'>unius</span> <span class='ocrx_word' id='word_1_158' title='bbox 203 1478 327 1538; x_wconf 89' lang='lat' dir='ltr'>eiusdemque</span> <span class='ocrx_word' id='word_1_159' title='bbox 340 1481 422 1523; x_wconf 91' lang='lat' dir='ltr'>auctoris</span> <span class='ocrx_word' id='word_1_160' title='bbox 435 1486 508 1537; x_wconf 82' lang='lat' dir='ltr'>agatur.</span> <span class='ocrx_word' id='word_1_161' title='bbox 529 1479 562 1522; x_wconf 87' lang='lat' dir='ltr'>Sin</span> <span class='ocrx_word' id='word_1_162' title='bbox 574 1480 644 1531; x_wconf 83' lang='lat' dir='ltr'>minus,</span> <span class='ocrx_word' id='word_1_163' title='bbox 658 1478 720 1522; x_wconf 86' lang='lat' dir='ltr'>dicen-</span> 
     </span>
    </p>
   </div>
   <div class='ocr_carea' id='block_1_6' title="bbox 33 1552 740 2714">
    <p class='ocr_par' dir='ltr' id='par_1_12' title="bbox 33 1552 720 2123">
     <span class='ocr_line' id='line_1_23' title="bbox 34 1552 720 1611; baseline -0.001 -16"><span class='ocrx_word' id='word_1_164' title='bbox 34 1552 81 1595; x_wconf 93' lang='lat' dir='ltr'>dum</span> <span class='ocrx_word' id='word_1_165' title='bbox 92 1559 120 1595; x_wconf 90' lang='lat' dir='ltr'>est</span> <span class='ocrx_word' id='word_1_166' title='bbox 132 1559 229 1595; x_wconf 85' lang='lat' dir='ltr'>auctorem</span> <span class='ocrx_word' id='word_1_167' title='bbox 240 1554 330 1595; x_wconf 72' lang='lat' dir='ltr'>Sarranae</span> <span class='ocrx_word' id='word_1_168' title='bbox 341 1554 398 1604; x_wconf 78' lang='lat' dir='ltr'>seat,</span> <span class='ocrx_word' id='word_1_169' title='bbox 412 1554 451 1596; x_wconf 88' lang='lat' dir='ltr'>sive</span> <span class='ocrx_word' id='word_1_170' title='bbox 462 1554 523 1611; x_wconf 89' lang='lat' dir='ltr'>Hugo</span> <span class='ocrx_word' id='word_1_171' title='bbox 535 1552 559 1596; x_wconf 94' lang='lat' dir='ltr'>de</span> <span class='ocrx_word' id='word_1_172' title='bbox 571 1553 588 1596; x_wconf 87' lang='lat' dir='ltr'>S.</span> <span class='ocrx_word' id='word_1_173' title='bbox 600 1554 679 1596; x_wconf 87' lang='lat' dir='ltr'>Victore</span> <span class='ocrx_word' id='word_1_174' title='bbox 690 1553 720 1604; x_wconf 88' lang='lat' dir='ltr'>sit,</span> 
     </span>
     <span class='ocr_line' id='line_1_24' title="bbox 34 1624 720 1685; baseline 0.001 -18"><span class='ocrx_word' id='word_1_175' title='bbox 34 1625 74 1668; x_wconf 92' lang='lat' dir='ltr'>sive</span> <span class='ocrx_word' id='word_1_176' title='bbox 88 1625 142 1677; x_wconf 89' lang='lat' dir='ltr'>alius,</span> <span class='ocrx_word' id='word_1_177' title='bbox 156 1632 258 1669; x_wconf 88' lang='lat' dir='ltr'>tractatum</span> <span class='ocrx_word' id='word_1_178' title='bbox 271 1624 382 1669; x_wconf 87' lang='lat' dir='ltr'>Hildeberti</span> <span class='ocrx_word' id='word_1_179' title='bbox 396 1627 540 1685; x_wconf 87' lang='lat' dir='ltr'>transcripsisse.</span> <span class='ocrx_word' id='word_1_180' title='bbox 562 1626 634 1681; x_wconf 88' lang='lat' dir='ltr'>Quoad</span> <span class='ocrx_word' id='word_1_181' title='bbox 647 1627 720 1685; x_wconf 85' lang='lat' dir='ltr'>Magis·</span> 
     </span>
     <span class='ocr_line' id='line_1_25' title="bbox 34 1699 719 1757; baseline 0.006 -18"><span class='ocrx_word' id='word_1_182' title='bbox 34 1705 85 1740; x_wconf 88' lang='lat' dir='ltr'>trum</span> <span class='ocrx_word' id='word_1_183' title='bbox 96 1705 161 1741; x_wconf 87' lang='lat' dir='ltr'>autem</span> <span class='ocrx_word' id='word_1_184' title='bbox 172 1699 292 1757; x_wconf 89' lang='lat' dir='ltr'>impossibile</span> <span class='ocrx_word' id='word_1_185' title='bbox 303 1706 331 1742; x_wconf 92' lang='lat' dir='ltr'>est</span> <span class='ocrx_word' id='word_1_186' title='bbox 343 1699 443 1741; x_wconf 86' lang='lat' dir='ltr'>definitivo</span> <span class='ocrx_word' id='word_1_187' title='bbox 455 1699 515 1742; x_wconf 94' lang='lat' dir='ltr'>modo</span> <span class='ocrx_word' id='word_1_188' title='bbox 528 1701 625 1757; x_wconf 87' lang='lat' dir='ltr'>assignare</span> <span class='ocrx_word' id='word_1_189' title='bbox 637 1699 719 1751; x_wconf 86' lang='lat' dir='ltr'>fontem,</span> 
     </span>
     <span class='ocr_line' id='line_1_26' title="bbox 34 1772 720 1833; baseline 0.003 -18"><span class='ocrx_word' id='word_1_190' title='bbox 34 1785 73 1830; x_wconf 91' lang='lat' dir='ltr'>quo</span> <span class='ocrx_word' id='word_1_191' title='bbox 80 1785 125 1815; x_wconf 91' lang='lat' dir='ltr'>usus</span> <span class='ocrx_word' id='word_1_192' title='bbox 134 1778 170 1824; x_wconf 88' lang='lat' dir='ltr'>est;</span> <span class='ocrx_word' id='word_1_193' title='bbox 179 1778 244 1815; x_wconf 88' lang='lat' dir='ltr'>utrum</span> <span class='ocrx_word' id='word_1_194' title='bbox 253 1772 324 1815; x_wconf 84' lang='lat' dir='ltr'>scilicet</span> <span class='ocrx_word' id='word_1_195' title='bbox 333 1772 451 1826; x_wconf 84' lang='lat' dir='ltr'>alterutrum,</span> <span class='ocrx_word' id='word_1_196' title='bbox 461 1787 486 1816; x_wconf 94' lang='lat' dir='ltr'>an</span> <span class='ocrx_word' id='word_1_197' title='bbox 494 1779 597 1833; x_wconf 87' lang='lat' dir='ltr'>utrumque</span> <span class='ocrx_word' id='word_1_198' title='bbox 607 1773 631 1817; x_wconf 92' lang='lat' dir='ltr'>ad</span> <span class='ocrx_word' id='word_1_199' title='bbox 640 1788 720 1817; x_wconf 87' lang='lat' dir='ltr'>manum</span> 
     </span>
     <span class='ocr_line' id='line_1_27' title="bbox 33 1843 719 1904; baseline 0.003 -17"><span class='ocrx_word' id='word_1_200' title='bbox 33 1843 129 1904; x_wconf 81' lang='lat' dir='ltr'>habuerit3</span> <span class='ocrx_word' id='word_1_201' title='bbox 140 1851 206 1888; x_wconf 89' lang='lat' dir='ltr'>tamen</span> <span class='ocrx_word' id='word_1_202' title='bbox 215 1844 339 1888; x_wconf 88' lang='lat' dir='ltr'>materialiter</span> <span class='ocrx_word' id='word_1_203' title='bbox 348 1859 417 1904; x_wconf 89' lang='lat' dir='ltr'>parum</span> <span class='ocrx_word' id='word_1_204' title='bbox 428 1845 491 1898; x_wconf 82' lang='lat' dir='ltr'>refert,</span> <span class='ocrx_word' id='word_1_205' title='bbox 502 1861 546 1889; x_wconf 94' lang='lat' dir='ltr'>cum</span> <span class='ocrx_word' id='word_1_206' title='bbox 557 1854 619 1890; x_wconf 85' lang='lat' dir='ltr'>textus</span> <span class='ocrx_word' id='word_1_207' title='bbox 630 1848 719 1890; x_wconf 80' lang='lat' dir='ltr'>Summae</span> 
     </span>
     <span class='ocr_line' id='line_1_28' title="bbox 33 1916 719 1979; baseline 0.004 -20"><span class='ocrx_word' id='word_1_208' title='bbox 33 1918 84 1960; x_wconf 83' lang='lat' dir='ltr'>Sent.</span> <span class='ocrx_word' id='word_1_209' title='bbox 95 1917 189 1960; x_wconf 90' lang='lat' dir='ltr'>identicus</span> <span class='ocrx_word' id='word_1_210' title='bbox 199 1916 240 1960; x_wconf 91' lang='lat' dir='ltr'>fere</span> <span class='ocrx_word' id='word_1_211' title='bbox 250 1918 274 1960; x_wconf 89' lang='lat' dir='ltr'>sit</span> <span class='ocrx_word' id='word_1_212' title='bbox 284 1932 305 1960; x_wconf 90' lang='lat' dir='ltr'>ac</span> <span class='ocrx_word' id='word_1_213' title='bbox 316 1919 379 1961; x_wconf 89' lang='lat' dir='ltr'>littera</span> <span class='ocrx_word' id='word_1_214' title='bbox 389 1918 504 1963; x_wconf 87' lang='lat' dir='ltr'>Hildeberti.</span> <span class='ocrx_word' id='word_1_215' title='bbox 515 1921 612 1978; x_wconf 88' lang='lat' dir='ltr'>Denique,</span> <span class='ocrx_word' id='word_1_216' title='bbox 623 1921 719 1979; x_wconf 88' lang='lat' dir='ltr'>Magistro</span> 
     </span>
     <span class='ocr_line' id='line_1_29' title="bbox 33 1990 719 2052; baseline 0.009 -21"><span class='ocrx_word' id='word_1_217' title='bbox 33 1990 70 2032; x_wconf 90' lang='lat' dir='ltr'>hoc</span> <span class='ocrx_word' id='word_1_218' title='bbox 84 1991 184 2048; x_wconf 91' lang='lat' dir='ltr'>proprium</span> <span class='ocrx_word' id='word_1_219' title='bbox 198 1992 295 2050; x_wconf 89' lang='lat' dir='ltr'>competit,</span> <span class='ocrx_word' id='word_1_220' title='bbox 310 1990 363 2050; x_wconf 85' lang='lat' dir='ltr'>quod</span> <span class='ocrx_word' id='word_1_221' title='bbox 377 1990 453 2034; x_wconf 87' lang='lat' dir='ltr'>fontem</span> <span class='ocrx_word' id='word_1_222' title='bbox 467 2007 523 2035; x_wconf 90' lang='lat' dir='ltr'>suum</span> <span class='ocrx_word' id='word_1_223' title='bbox 536 1992 656 2052; x_wconf 82' lang='lat' dir='ltr'>explicatiori</span> <span class='ocrx_word' id='word_1_224' title='bbox 669 2008 719 2037; x_wconf 87' lang='lat' dir='ltr'>com-</span> 
     </span>
     <span class='ocr_line' id='line_1_30' title="bbox 33 2062 246 2123; baseline 0.009 -19"><span class='ocrx_word' id='word_1_225' title='bbox 33 2062 128 2106; x_wconf 89' lang='lat' dir='ltr'>mentario</span> <span class='ocrx_word' id='word_1_226' title='bbox 140 2062 246 2123; x_wconf 88' lang='lat' dir='ltr'>ampliavit.</span> 
     </span>
    </p>

    <p class='ocr_par' dir='ltr' id='par_1_13' title="bbox 33 2134 740 2714">
     <span class='ocr_line' id='line_1_31' title="bbox 73 2134 720 2198; baseline 0.012 -20"><span class='ocrx_word' id='word_1_227' title='bbox 73 2134 96 2196; x_wconf 83' lang='grc'>4)</span> <span class='ocrx_word' id='word_1_228' title='bbox 115 2136 204 2195; x_wconf 88' lang='lat' dir='ltr'>Superest</span> <span class='ocrx_word' id='word_1_229' title='bbox 219 2136 282 2180; x_wconf 87' lang='lat' dir='ltr'>adhuc</span> <span class='ocrx_word' id='word_1_230' title='bbox 296 2137 439 2196; x_wconf 88' lang='lat' dir='ltr'>inquirendum,</span> <span class='ocrx_word' id='word_1_231' title='bbox 455 2140 544 2198; x_wconf 86' lang='lat' dir='ltr'>quisnam</span> <span class='ocrx_word' id='word_1_232' title='bbox 559 2141 583 2183; x_wconf 92' lang='lat' dir='ltr'>sit</span> <span class='ocrx_word' id='word_1_233' title='bbox 597 2141 633 2185; x_wconf 90' lang='lat' dir='ltr'>iste</span> <span class='ocrx_word' id='word_1_234' title='bbox 649 2141 720 2185; x_wconf 81' lang='lat' dir='ltr'>“GRE-</span> 
     </span>
     <span class='ocr_line' id='line_1_32' title="bbox 34 2209 720 2260; baseline 0.01 -9"><span class='ocrx_word' id='word_1_235' title='bbox 34 2209 150 2260; x_wconf 90' lang='lat' dir='ltr'>GORlUS,’&#39;</span> <span class='ocrx_word' id='word_1_236' title='bbox 165 2225 189 2252; x_wconf 82' lang='lat' dir='ltr'>ex</span> <span class='ocrx_word' id='word_1_237' title='bbox 201 2211 255 2253; x_wconf 85' lang='lat' dir='ltr'>cuius</span> <span class='ocrx_word' id='word_1_238' title='bbox 268 2211 381 2253; x_wconf 86' lang='lat' dir='ltr'>auctoritate</span> <span class='ocrx_word' id='word_1_239' title='bbox 393 2212 414 2253; x_wconf 94' lang='lat' dir='ltr'>in</span> <span class='ocrx_word' id='word_1_240' title='bbox 427 2211 474 2255; x_wconf 89' lang='lat' dir='ltr'>locis</span> <span class='ocrx_word' id='word_1_241' title='bbox 487 2214 549 2255; x_wconf 87' lang='lat' dir='ltr'>citatis</span> <span class='ocrx_word' id='word_1_242' title='bbox 562 2213 613 2257; x_wconf 89' lang='lat' dir='ltr'>dicta</span> <span class='ocrx_word' id='word_1_243' title='bbox 626 2216 720 2258; x_wconf 88' lang='lat' dir='ltr'>sententia</span> 
     </span>
     <span class='ocr_line' id='line_1_33' title="bbox 33 2281 720 2343; baseline 0.013 -18"><span class='ocrx_word' id='word_1_244' title='bbox 33 2281 58 2325; x_wconf 91' lang='lat' dir='ltr'>de</span> <span class='ocrx_word' id='word_1_245' title='bbox 68 2282 141 2343; x_wconf 88' lang='lat' dir='ltr'>duplici</span> <span class='ocrx_word' id='word_1_246' title='bbox 151 2284 222 2342; x_wconf 85' lang='lat' dir='ltr'>angelo</span> <span class='ocrx_word' id='word_1_247' title='bbox 232 2283 320 2327; x_wconf 88' lang='lat' dir='ltr'>refertur.</span> <span class='ocrx_word' id='word_1_248' title='bbox 338 2286 432 2340; x_wconf 84' lang='lat' dir='ltr'>Quaestio</span> <span class='ocrx_word' id='word_1_249' title='bbox 442 2288 489 2330; x_wconf 90' lang='lat' dir='ltr'>haec</span> <span class='ocrx_word' id='word_1_250' title='bbox 500 2285 600 2333; x_wconf 73' lang='lat' dir='ltr'>facilitatis</span> <span class='ocrx_word' id='word_1_251' title='bbox 610 2301 666 2334; x_wconf 87' lang='lat' dir='ltr'>causa</span> <span class='ocrx_word' id='word_1_252' title='bbox 676 2304 720 2333; x_wconf 89' lang='lat' dir='ltr'>ron-</span> 
     </span>
     <span class='ocr_line' id='line_1_34' title="bbox 34 2355 740 2414; baseline 0.014 -17"><span class='ocrx_word' id='word_1_253' title='bbox 34 2355 83 2399; x_wconf 90' lang='lat' dir='ltr'>sulte</span> <span class='ocrx_word' id='word_1_254' title='bbox 98 2355 122 2399; x_wconf 91' lang='lat' dir='ltr'>ad</span> <span class='ocrx_word' id='word_1_255' title='bbox 137 2364 211 2399; x_wconf 86' lang='lat' dir='ltr'>textum</span> <span class='ocrx_word' id='word_1_256' title='bbox 225 2356 340 2401; x_wconf 89' lang='lat' dir='ltr'>Hildeberto</span> <span class='ocrx_word' id='word_1_257' title='bbox 355 2359 468 2402; x_wconf 90' lang='lat' dir='ltr'>attributum</span> <span class='ocrx_word' id='word_1_258' title='bbox 481 2368 593 2414; x_wconf 84' lang='lat' dir='ltr'>coarctatur,</span> <span class='ocrx_word' id='word_1_259' title='bbox 609 2377 653 2406; x_wconf 89' lang='lat' dir='ltr'>curn</span> <span class='ocrx_word' id='word_1_260' title='bbox 667 2371 720 2406; x_wconf 85' lang='lat' dir='ltr'>vetu-</span> <span class='ocrx_word' id='word_1_261' title='bbox 739 2377 740 2380; x_wconf 72' lang='grc'>’</span> 
     </span>
     <span class='ocr_line' id='line_1_35' title="bbox 34 2429 719 2488; baseline 0.015 -17"><span class='ocrx_word' id='word_1_262' title='bbox 34 2429 80 2472; x_wconf 92' lang='lat' dir='ltr'>stior</span> <span class='ocrx_word' id='word_1_263' title='bbox 91 2430 121 2481; x_wconf 88' lang='lat' dir='ltr'>sit,</span> <span class='ocrx_word' id='word_1_264' title='bbox 132 2437 151 2473; x_wconf 92' lang='lat' dir='ltr'>et</span> <span class='ocrx_word' id='word_1_265' title='bbox 162 2431 290 2488; x_wconf 88' lang='lat' dir='ltr'>posteriorum</span> <span class='ocrx_word' id='word_1_266' title='bbox 301 2430 346 2473; x_wconf 88' lang='lat' dir='ltr'>fons</span> <span class='ocrx_word' id='word_1_267' title='bbox 357 2430 450 2476; x_wconf 90' lang='lat' dir='ltr'>videatur.</span> <span class='ocrx_word' id='word_1_268' title='bbox 469 2433 568 2486; x_wconf 84' lang='lat' dir='ltr'>Attamen,</span> <span class='ocrx_word' id='word_1_269' title='bbox 580 2443 633 2480; x_wconf 88' lang='lat' dir='ltr'>extra</span> <span class='ocrx_word' id='word_1_270' title='bbox 645 2435 719 2480; x_wconf 91' lang='lat' dir='ltr'>dubita-</span> 
     </span>
     <span class='ocr_line' id='line_1_36' title="bbox 33 2501 719 2568; baseline 0.015 -25"><span class='ocrx_word' id='word_1_271' title='bbox 33 2501 91 2543; x_wconf 89' lang='lat' dir='ltr'>tionis</span> <span class='ocrx_word' id='word_1_272' title='bbox 102 2502 164 2544; x_wconf 89' lang='lat' dir='ltr'>aleam</span> <span class='ocrx_word' id='word_1_273' title='bbox 173 2505 261 2567; x_wconf 90' lang='lat' dir='ltr'>positum</span> <span class='ocrx_word' id='word_1_274' title='bbox 268 2510 302 2554; x_wconf 87' lang='lat' dir='ltr'>est,</span> <span class='ocrx_word' id='word_1_275' title='bbox 314 2511 411 2547; x_wconf 89' lang='lat' dir='ltr'>auctorem</span> <span class='ocrx_word' id='word_1_276' title='bbox 421 2520 441 2548; x_wconf 91' lang='lat' dir='ltr'>re</span> <span class='ocrx_word' id='word_1_277' title='bbox 451 2521 497 2550; x_wconf 91' lang='lat' dir='ltr'>vera</span> <span class='ocrx_word' id='word_1_278' title='bbox 507 2509 524 2550; x_wconf 90' lang='lat' dir='ltr'>S.</span> <span class='ocrx_word' id='word_1_279' title='bbox 535 2510 652 2565; x_wconf 86' lang='lat' dir='ltr'>Gregorium</span> <span class='ocrx_word' id='word_1_280' title='bbox 662 2513 719 2568; x_wconf 88' lang='lat' dir='ltr'>Mag-</span> 
     </span>
     <span class='ocr_line' id='line_1_37' title="bbox 33 2575 719 2639; baseline 0.017 -24"><span class='ocrx_word' id='word_1_281' title='bbox 33 2587 80 2617; x_wconf 92' lang='lat' dir='ltr'>num</span> <span class='ocrx_word' id='word_1_282' title='bbox 92 2576 150 2617; x_wconf 91' lang='lat' dir='ltr'>citare</span> <span class='ocrx_word' id='word_1_283' title='bbox 161 2575 253 2628; x_wconf 83' lang='lat' dir='ltr'>voluisse3</span> <span class='ocrx_word' id='word_1_284' title='bbox 265 2577 303 2619; x_wconf 87' lang='lat' dir='ltr'>hoc</span> <span class='ocrx_word' id='word_1_285' title='bbox 313 2591 398 2635; x_wconf 88' lang='lat' dir='ltr'>namque</span> <span class='ocrx_word' id='word_1_286' title='bbox 409 2594 433 2621; x_wconf 84' lang='lat' dir='ltr'>ex</span> <span class='ocrx_word' id='word_1_287' title='bbox 444 2580 548 2639; x_wconf 86' lang='lat' dir='ltr'>multiplici</span> <span class='ocrx_word' id='word_1_288' title='bbox 559 2582 635 2626; x_wconf 90' lang='lat' dir='ltr'>interno</span> <span class='ocrx_word' id='word_1_289' title='bbox 647 2583 719 2627; x_wconf 88' lang='lat' dir='ltr'>indicio</span> 
     </span>
     <span class='ocr_line' id='line_1_38' title="bbox 34 2648 719 2714; baseline 0.016 -26"><span class='ocrx_word' id='word_1_290' title='bbox 34 2652 91 2705; x_wconf 90' lang='lat' dir='ltr'>atque</span> <span class='ocrx_word' id='word_1_291' title='bbox 106 2662 130 2690; x_wconf 83' lang='lat' dir='ltr'>ex</span> <span class='ocrx_word' id='word_1_292' title='bbox 145 2648 232 2691; x_wconf 91' lang='lat' dir='ltr'>unanimi</span> <span class='ocrx_word' id='word_1_293' title='bbox 248 2649 347 2692; x_wconf 86' lang='lat' dir='ltr'>intellectu</span> <span class='ocrx_word' id='word_1_294' title='bbox 362 2659 535 2697; x_wconf 86' lang='lat' dir='ltr'>commentatorum</span> <span class='ocrx_word' id='word_1_295' title='bbox 551 2654 657 2700; x_wconf 87' lang='lat' dir='ltr'>deducitur.</span> <span class='ocrx_word' id='word_1_296' title='bbox 679 2659 719 2714; x_wconf 85' lang='lat' dir='ltr'>Qui</span> 
     </span>
    </p>
   </div>
   <div class='ocr_carea' id='block_1_7' title="bbox 0 0 835 3045">
    <p class='ocr_par' dir='ltr' id='par_1_14' title="bbox 0 0 835 3045">
     <span class='ocr_line' id='line_1_39' title="bbox 0 0 835 3045; baseline 0 0"><span class='ocrx_word' id='word_1_297' title='bbox 0 0 835 3045; x_wconf 95' lang='lat' dir='ltr'> </span> 
     </span>
    </p>
   </div>
  </div>
 </body>
</html>
