1657 3045
250 507 349 557 CAPUT
371 507 540 556 SECUNDUM

183 654 361 700 TESTIMONIA
376 654 414 697 EX
427 651 606 697 TRADITIONE

75 834 97 878 N
106 832 276 875 TRADITIONE
286 831 366 891 antiqua
375 829 470 888 Ecclesiae
479 828 592 890 perdifficile
602 836 631 873 est
638 830 675 872 hac
685 827 710 872 de
718 841 739 870 re

53 837 73 947 l
90 907 160 958 Patres,
177 905 222 968 (qui
233 904 270 949 soli
282 910 326 948 sunt
338 910 395 948 testes
408 903 536 947 auctoritativi
548 900 677 964 traditionis),
690 900 740 944 suffi-

53 981 111 1025 cienti
117 993 198 1023 numero
207 978 346 1037 sufficientique
354 977 444 1038 loquelae
451 976 538 1020 claritate
545 976 636 1028 invenire,
644 983 665 1019 ut
672 989 740 1018 verum

54 1069 76 1098 ac
84 1053 194 1111 legitimum
203 1058 339 1111 argumentum
347 1052 432 1094 construi
440 1051 510 1110 possit;
519 1052 565 1103 imo,
575 1057 615 1092 tam
625 1048 703 1092 difficile
712 1055 741 1090 est

53 1129 96 1179 hoc,
107 1133 129 1168 ut
139 1125 225 1168 fautores
236 1125 314 1168 alterius
325 1125 432 1168 sententiae
442 1122 467 1167 ad
477 1137 537 1184 opera
548 1123 663 1182 apocrypha,
674 1123 741 1165 sinon

54 1199 85 1241 vel
95 1198 196 1250 haeretica,
206 1210 306 1240 necessum
315 1196 400 1240 habeant
407 1209 510 1238 recurrere.

93 1272 152 1315 Sicuti
160 1285 218 1332 supra
226 1272 247 1314 in
255 1269 398 1314 introductione
407 1276 496 1314 notatum
505 1269 548 1322 fuir,
557 1268 604 1313 boni
612 1267 688 1312 videtur
697 1281 741 1312 con·

54 1347 92 1390 silii
100 1348 163 1390 varios
172 1353 235 1390 textus
244 1347 294 1389 hanc
302 1346 351 1390 circa
359 1360 401 1389 rem
408 1345 440 1388 hic
447 1344 488 1388 illic
496 1351 608 1404 apportatos
616 1344 685 1387 maiori
693 1344 723 1386 int
734 1368 740 1374 -

55 1421 124 1477 gritate
140 1417 218 1471 referre,
235 1432 275 1461 non
291 1416 427 1461 tantummodo
444 1416 469 1460 ad
484 1416 585 1460 meliorem
602 1415 741 1460 conficiendam

55 1493 117 1544 crisin,
126 1507 194 1535 verum
203 1493 262 1535 etiam
270 1492 316 1551 quia
324 1489 437 1534 huiusmodi
445 1491 556 1534 testimonia
564 1491 663 1549 hucusque
672 1488 742 1533 nullibi

55 1566 76 1607 in
87 1579 149 1607 unum
161 1564 238 1607 redacta
251 1564 381 1607 inveniuntur.
400 1565 429 1606 Ut
442 1571 510 1623 postea
523 1562 602 1623 patebit,
615 1571 657 1606 tota
669 1569 742 1622 quanta

55 1637 133 1680 traditio
142 1638 236 1680 catinolica
245 1637 270 1680 de
277 1639 356 1695 proprio
366 1637 460 1679 daemone
468 1652 504 1696 pro
513 1637 593 1694 singulis
602 1635 712 1679 hominibus
721 1637 742 1677 in

56 1709 105 1755 libro
113 1712 192 1755 Pastore
200 1712 286 1753 Hermae
294 1708 393 1754 tundatur,
402 1710 469 1753 Testes
478 1710 530 1753 enim
539 1710 653 1769 posteriores
663 1709 742 1753 alicuius

56 1785 150 1827 momenti
164 1798 204 1827 sese
217 1790 307 1827 revocant
320 1783 345 1827 ad
358 1798 480 1826 communem
493 1784 552 1826 istum
565 1781 645 1827 iontem.
659 1782 742 1826 Videtur

57 1857 115 1915 igitur
124 1858 173 1900 ratio
183 1856 284 1909 sufficiens,
294 1856 358 1899 sinon
367 1870 413 1899 vera
421 1857 529 1909 necessitas,
539 1854 663 1916 suppeditari,
673 1863 694 1899 ut
704 1863 743 1899 tex-

57 1938 87 1973 tus
98 1933 184 1974 Hermae
195 1933 274 1989 eiusque
286 1932 387 1972 auctoritas
399 1929 468 1972 fusiori
480 1932 560 1973 omnino
571 1931 615 1972 crisi
627 1930 742 1974 subiiciatur.

97 2001 120 2062 1)
136 2002 286 2054 HERMAS,rn
298 2015 340 2061 cap.
354 2007 365 2044 2
379 2003 428 2045 sexti
440 2001 541 2054 mandati‚¹
554 2003 602 2045 haec
614 2002 673 2047 habet
685 2001 743 2046 verba

100 2123 114 2151 1.
125 2118 206 2151 insumitur
216 2124 264 2151 textus
276 2117 335 2151 Codicis
346 2119 412 2151 Sinairici
426 2118 479 2158 (quem
490 2119 547 2151 invenit
558 2124 572 2152 et
583 2117 665 2159 publicavit
675 2119 745 2152 Tischen·

59 2159 99 2193 dorff
109 2171 132 2194 an.
144 2160 199 2202 1862),
209 2161 263 2193 relatus
273 2171 282 2193 a
291 2161 314 2193 Fr.
323 2161 363 2193 Xav.
372 2159 419 2199 runt,
428 2161 478 2193 Patres
487 2159 576 2202 Apostolici,
587 2163 594 2194 t
607 2161 638 2203 (ed.
649 2166 657 2195 2
667 2160 746 2203 Tubingae

60 2203 107 2243 1901)
119 2204 154 2236 488.
165 2205 219 2237 Versio
229 2214 281 2245 graeca
290 2213 314 2244 ap.
324 2204 378 2244 Migne
389 2203 429 2243 (ΡΘ,
440 2207 449 2236 2
460 2204 535 2245 927-928)
548 2210 570 2237 est
579 2204 684 2245 imperfectior,
695 2215 745 2236 carens

59 2245 133 2286 aliquibus
144 2244 198 2280 verbis.
208 2248 267 2280 Nolatu
278 2245 341 2286 dignum
352 2251 378 2285 cst,
389 2247 463 2278 Pastorem
475 2247 540 2280 Hermae
550 2256 577 2287 per
588 2247 635 2280 multa
646 2245 704 2280 saecula
715 2258 745 2279 non

59 2299 90 2320 esse
102 2288 179 2329 cognitum
190 2289 220 2321 nisi
232 2289 249 2321 in
260 2289 328 2321 versione
338 2288 389 2326 latina,
401 2294 492 2328 quapropter
503 2287 564 2329 vulgata
576 2295 665 2331 nuncupata,
676 2300 715 2330 quae
727 2300 746 2321 err

59 2331 92 2364 MS.
103 2332 138 2365 Vnt.
149 2331 199 2364 critice
210 2330 250 2364 edita
261 2335 283 2364 est
293 2341 302 2364 a
312 2329 402 2372 Hilgenfeld
415 2330 482 2372 (Lipsiae
494 2332 542 2373 1873)
556 2337 571 2364 et
582 2333 636 2365 iterum
646 2344 655 2365 a
665 2343 696 2365 von
706 2331 745 2365 Geb-

59 2372 103 2406 hardt
116 2373 184 2414 (Lipsiae
196 2374 252 2414 1877).
263 2374 346 2414 Originalis
358 2378 406 2406 textus
417 2383 482 2414 graecus,
494 2375 549 2415 partim
559 2375 633 2416 genuinus
645 2380 660 2407 et
671 2375 726 2415 partim
738 2385 746 2407 a

59 2415 140 2455 Simonide,
151 2416 178 2456 qui
189 2427 223 2449 eum
234 2426 278 2457 super
289 2417 358 2449 Montem
368 2415 450 2449 Athensem
461 2417 523 2455 invenit,
534 2418 635 2451 commentitie
646 2418 746 2458 transcriptus,

60 2456 143 2497 publicatus
155 2463 177 2491 est
189 2459 206 2491 in
217 2457 257 2492 bona
268 2457 298 2491 fide
311 2468 319 2490 a
331 2457 412 2498 Rudolpho
424 2457 476 2499 Anger
491 2458 556 2499 (1856),
569 2464 596 2498 ast,
608 2458 661 2492 lraude
673 2460 746 2499 posterius

60 2499 155 2541 deprehensa,
166 2501 220 2534 iterum
230 2502 292 2534 emissus
303 2506 325 2533 est
334 2499 383 2534 forma
393 2511 463 2541 germana
474 2500 492 2534 ab
503 2500 555 2535 eodem
565 2501 617 2542 Anger
627 2508 642 2535 et
653 2501 720 2534 Diodori
730 2503 746 2534 in

59 2543 136 2585 Leipziger
145 2543 248 2585 repertorium
258 2542 272 2577 d.
283 2542 363 2577 deutschen
373 2554 387 2577 u.
398 2541 512 2577 ausltndtschen
522 2544 595 2578 literatus
607 2545 638 2588 (Ill
650 2547 689 2581 1856
701 2545 746 2586 138).

59 2586 105 2625 Dein,
117 2587 156 2628 typis
167 2585 249 2620 identidem
261 2588 340 2627 impressus
352 2592 374 2619 est
385 2587 410 2619 hic
421 2587 495 2627 genuinus
507 2593 556 2621 tentus
567 2597 627 2628 graecus
639 2593 654 2621 et
665 2587 726 2629 quidem
738 2599 747 2620 a

60 2629 121 2661 Dresser
134 2629 188 2669 (1857,
200 2629 256 2669 runs),
267 2629 357 2669 Hilgenfeld
370 2629 424 2669 (isso,
437 2630 492 2671 rsus),
504 2629 547 2663 runt<
561 2630 626 2670 (1901),
638 2636 665 2663 etc,
676 2649 697 2655 -
707 2630 747 2664 vide

61 2669 129 2704 Catholic
138 2670 200 2712 Euryti,
210 2674 240 2705 Vll
252 2671 301 2713 (New
310 2670 353 2705 York
363 2671 410 2712 1910)
424 2676 458 2705 270.

393 2757 468 2799 11»
