1633 3045
72 103 94 138 58
272 97 301 135 Da
313 97 441 134 Smnuaonum
453 97 556 133 Homuun

75 226 133 286 (Epis.
146 233 156 269 2
169 225 202 285 2),
213 226 283 268 sivein
294 223 408 268 coelestibus
423 223 481 285 (aph.
493 226 505 267 6
518 224 571 284 12).2
583 223 643 279 Quod
655 230 719 266 autem
731 224 758 265 eis

72 299 129 343 facile
143 301 167 342 sit
180 300 268 341 homines
282 300 444 357 appropinquare,
459 298 543 356 sequitur
557 300 596 340 iam
611 313 634 340 ex
647 298 690 349 hoc,
705 296 758 355 quod

71 374 92 414 in
102 373 145 415 loco
156 379 200 415 sunt
209 385 243 430 per
253 378 362 414 contactum
372 373 454 423 virtutis,
465 379 523 431 atque
533 372 608 413 ratione
618 371 716 429 angelicae
726 384 758 413 na·

72 453 126 490 turae
135 445 160 490 de
168 458 207 489 uno
217 446 260 489 loco
270 446 290 488 in
300 444 360 489 alium
369 445 489 489 velocissime
498 446 579 489 transire
588 451 674 505 possunt.
688 447 690 449 ’

111 531 164 572 Data
179 529 213 571 tali
227 535 307 571 naturae
321 528 446 587 perfectione,
462 527 524 571 adhuc
539 529 635 588 expetitur
648 527 673 570 ad
688 526 759 570 dictam

73 601 218 662 deputationem
228 603 264 644 rite
275 601 414 660 exequendam,
425 609 447 645 ut
457 601 574 645 daemonum
585 602 609 645 sit
620 599 714 645 sufficiens
725 610 759 644 nu}

70 690 134 718 merus
140 689 215 719 necnon
220 673 269 717 ordo
275 674 443 727 subordinationis,
453 674 475 735 a)
482 675 621 730 Quaestionem
626 675 659 717 De
665 676 760 719 Numero

73 747 208 793 difficillimam
221 763 267 800 esse,
280 747 370 793 latentur,
379 763 452 800 omnes,
466 748 514 792 adeo
527 747 611 808 quidem,
625 755 647 791 ut
659 747 759 791 definitivo

73 822 133 865 modo
143 837 228 881 veraque
238 822 352 866 certitudine
363 823 415 866 haud
426 823 496 866 resolvi
507 824 573 881 possit.
591 823 644 865 Ante
655 822 721 865 omnia
732 829 761 865 est

73 895 188 948 notandum,
201 895 255 955 quod
267 894 393 940 Hildebertus
406 905 425 939 et
438 904 504 940 auctor
516 897 605 940 Summae
619 895 759 940 Sententiarum

74 971 207 1029 quaestionem
224 976 332 1020 moverunt,
350 978 415 1013 utrum
431 969 518 1029 pluribus
535 969 646 1014 hominibus
663 968 720 1013 datus
737 971 761 1014 sit

74 1058 125 1086 unus
139 1042 219 1101 angelus
233 1041 258 1085 ad
272 1042 384 1094 custodiam,
400 1058 425 1085 an
439 1043 510 1101 singuli
525 1043 611 1102 singulis.
625 1044 761 1087 MAGISTER

74 1131 120 1158 vero
128 1117 208 1159 ulterius
216 1115 344 1175 progreditur,
354 1124 378 1168 et,
387 1118 445 1159 simul
454 1116 479 1159 de
487 1116 613 1160 daemonibus
622 1118 761 1175 impugnatori-

73 1181 109 1233 bus
120 1189 236 1248 quaerendo,
247 1189 380 1233 difficultatem
390 1189 452 1233 fusius
462 1198 570 1249 pertractat.
587 1191 634 1234 Ideo
645 1190 695 1234 “dici
704 1205 760 1250 opor-

75 1269 107 1313 tet,
120 1263 151 1314 ait‚
163 1275 224 1304 unum
235 1260 363 1320 eumdemque
375 1262 466 1320 angelum
477 1262 556 1315 bonum,
568 1263 599 1305 vel
610 1262 690 1315 malurn,
703 1262 762 1322 pluri<

75 1333 110 1377 bus
124 1333 234 1376 hominibus
249 1333 337 1392 deputari
352 1335 377 1377 ad
390 1334 504 1386 custodiam,
519 1336 550 1377 vel
564 1336 693 1387 exercitium,¹'
709 1336 760 1395 quia,

76 1408 133 1450 “cum
146 1407 202 1450 electi
215 1414 244 1450 tot
258 1408 296 1450 sint
310 1416 358 1466 quot
371 1416 390 1451 et
403 1407 450 1452 boni
465 1408 529 1468 angeli
544 1416 593 1461 sunt,
608 1410 673 1468 plures
687 1416 761 1453 constat

76 1499 116 1527 esse
129 1498 196 1526 omnes
209 1483 266 1526 simul
278 1482 341 1526 bonos
353 1490 372 1525 et
383 1483 446 1525 malos
459 1483 553 1534 homines,
566 1498 625 1541 quam
638 1482 684 1526 boni
697 1473 762 1541 angeli

77 1558 119 1609 sint,
129 1564 148 1599 et
155 1571 199 1600 cum
207 1562 236 1598 tot
244 1555 282 1598 sint
290 1555 345 1599 electi
353 1562 401 1614 quot
410 1555 474 1612 angeli
481 1555 534 1607 boni,
544 1563 563 1599 et
571 1556 636 1614 angeli
642 1555 689 1600 boni
697 1555 762 1615 plures

76 1632 114 1673 sint
125 1623 184 1688 quam
195 1629 248 1680 mali,
261 1629 365 1686 pluresque
376 1629 414 1670 sint
426 1629 514 1671 homines
526 1629 574 1671 mali
586 1643 645 1687 quam
657 1628 709 1680 boni,
722 1644 762 1671 non

77 1710 105 1746 est
120 1700 258 1761 ambigendum
272 1701 337 1760 plures
352 1692 394 1744 esse
408 1699 470 1744 bonos
484 1701 574 1744 homines
589 1716 647 1761 quam
663 1702 701 1746 sint
715 1702 763 1745 mali

77 1776 147 1836 angeli,
163 1783 182 1820 et
196 1775 261 1835 plures
276 1790 316 1819 esse
330 1775 393 1818 malos
407 1776 496 1819 homines
511 1790 569 1834 quam
585 1777 623 1820 sint
636 1777 684 1819 mali
698 1777 763 1834 angeli

77 1851 108 1894 vel
121 1850 168 1895 boni
182 1849 273 1906 angeli,’'³
288 1849 376 1906 Singulas
390 1856 455 1893 autem
468 1850 582 1908 praemissas
595 1850 675 1894 minime
687 1849 763 1909 probat,

78 1925 125 1966 sicut
134 1931 153 1966 et
163 1922 260 1965 PETRUS
270 1922 455 1973 PICTAVIENSIS,
464 1924 499 1980 qui
509 1936 549 1964 rem
559 1922 641 1974 brevius,
652 1923 763 1981 simplicius,

78 2004 96 2039 et
108 1996 177 2040 clarius
189 1994 286 2053 proponit,
300 1995 326 2038 sic
339 1993 456 2053 arguendot⁴
470 1995 547 2055 “plures
560 2003 604 2039 sunt
615 1997 663 2039 mali
675 1998 763 2040 homines

78 2085 137 2128 quam
149 2069 196 2113 boni
209 2068 290 2125 angeli,'¹
305 2069 351 2126 quia
362 2075 410 2127 quot
423 2076 467 2111 sunt
478 2068 525 2112 boni
538 2070 632 2121 homines,
646 2077 675 2113 tot
688 2077 732 2113 sunt
745 2078 764 2114 et

78 2174 139 2181 ..—

121 2215 134 2243 2.
146 2211 170 2243 ild
181 2220 213 2242 rem
223 2216 271 2242 textus
282 2211 296 2242 S.
308 2209 350 2242 Pauli
361 2211 378 2242 in
388 2211 415 2251 Ep.
426 2209 446 2242 ad
456 2209 494 2251 Eph.
508 2211 525 2251 (2
538 2211 564 2251 2):
578 2211 668 2253 “aliquando
679 2211 765 2245 ambulastis

79 2254 160 2287 secundum
173 2253 248 2286 saeculum
260 2253 312 2285 mundi
324 2253 373 2291 huius,
387 2253 468 2285 secundum
480 2254 563 2295 principem
576 2255 652 2294 potestatis
665 2256 702 2288 aeris
715 2255 765 2293 huius,

79 2298 140 2337 spiritus
150 2297 176 2336 qui
187 2305 226 2326 nunc
236 2301 305 2335 operatur
315 2296 331 2326 in
341 2294 380 2327 filios
391 2295 532 2329 diffidentiae....''
543 2299 572 2329 Pro
583 2299 651 2329 examine
661 2299 706 2330 huius
717 2303 765 2330 textus

79 2345 152 2380 quantum
161 2338 180 2371 ad
190 2336 271 2369 doctrinam
280 2337 357 2378 paulinam
365 2337 384 2370 de
393 2337 431 2377 loco,
441 2338 457 2371 in
466 2349 497 2379 quo
506 2337 585 2372 daemones
594 2344 675 2379 versantur,
684 2338 720 2373 vide
728 2341 766 2373 Otto

79 2382 153 2421 Everling,
164 2381 194 2413 Die
205 2379 298 2419 paulinische
309 2379 409 2420 Angetomgie
421 2379 452 2413 aad
462 2379 578 2422 Dtmonolagia,
591 2382 673 2422 Gottingen
688 2383 765 2424 (Vanden

80 2423 127 2459 hoeck
138 2435 153 2456 u.
165 2422 248 2462 Ruprecht)
265 2426 307 2461 1888,
320 2432 345 2463 pp,
359 2427 386 2456 105
400 2433 419 2456 ss.
430 2442 452 2448 -
464 2424 513 2456 ‘'That
525 2424 550 2456 the
562 2423 624 2457 demens
636 2423 694 2458 inhabit
707 2425 732 2458 the
744 2426 766 2458 air

80 2468 93 2499 is
106 2478 125 2499 an
137 2467 200 2507 opinion
213 2466 254 2505 quite
265 2475 334 2497 common
346 2466 362 2497 in
374 2467 430 2506 Jewisb
443 2466 532 2505 literature,”
546 2466 565 2499 ad
578 2466 617 2499 hunc
630 2473 686 2500 textum
699 2467 766 2500 observat

81 2510 96 2541 F.
108 2511 146 2547 Prat,
159 2510 173 2542 S.
179 2509 197 2548 J,
210 2506 242 2539 Tha
254 2505 331 2547 Theology
343 2506 359 2547 of
370 2508 412 2541 §aim
423 2507 460 2541 Paul
474 2509 533 2549 (tmnsl.
545 2508 585 2541 from
598 2510 633 2542 lOth
645 2511 701 2543 French
712 2510 736 2543 ecl,
747 2510 766 2553 by

80 2553 93 2592 J.
105 2554 120 2584 L
131 2550 221 2590 Stoddard),
232 2552 247 2582 ll
260 2549 308 2590 (New
318 2550 361 2582 York
372 2551 419 2591 1927)
434 2562 449 2592 p.
459 2552 530 2587 ira-rra.

122 2598 136 2629 ὃ,
146 2594 223 2634 Magister,
232 2596 242 2624 2
250 2593 294 2630 Sem„
304 2591 318 2624 d.
328 2596 354 2630 11;
364 2595 370 2624 Ι
381 2592 472 2633 (Quaracchi
482 2594 529 2634 1916)
542 2593 612 2628 354-355,

122 2636 137 2668 4.
148 2637 199 2668 Petrus
209 2635 249 2673 Pin,
259 2638 269 2665 2
279 2635 323 2671 Sem„
333 2644 344 2667 c.
355 2636 365 2668 6
377 2635 413 2676 (PL.
424 2639 452 2668 211
463 2636 509 2676 955).
