1633 3045
70 100 92 133 28
270 96 300 132 Da
312 96 440 133 Srunuronun
453 95 555 131 Honmuu

71 219 142 264 directe
155 235 167 264 a
180 218 238 263 verbo
252 217 299 263 dicit
313 218 415 280 dependet.
436 218 546 267 Difficultas
560 226 625 263 autem
639 220 758 271 innocen,

71 284 125 354 quod
140 295 197 338 istam
211 293 319 337 doctrinam
335 308 359 337 ex
374 293 478 338 traditione
492 294 589 337 maiorum
604 300 690 353 repetere
705 293 758 336 velit.

71 368 136 420 Nunc,
148 368 173 412 de
183 368 245 426 prima
256 375 310 426 parte
320 368 380 411 relate
391 368 416 411 ad
426 367 517 426 angelum
528 366 628 410 custodem
638 366 714 410 nullum
725 366 759 410 du·

71 441 134 494 bium;
146 442 193 484 haec
204 441 256 484 enim
268 440 355 485 doctrina
367 442 474 485 communis
486 441 538 500 apud
550 443 615 484 Patres
627 441 727 500 solideque
739 442 759 482 in

73 529 87 558 s.
99 515 195 573 Scriptura
206 512 290 558 lundata
301 514 403 558 invenitur.
422 515 501 566 Atvero‚
513 521 535 557 ut
546 527 604 573 supra
615 520 714 557 ostensum
725 521 759 565 est,

72 587 160 630 doctrina
169 586 193 629 de
203 586 298 630 daemone
308 589 379 631 comite
388 589 466 630 nonnisi
475 601 534 646 penes
544 590 639 630 Hermam
649 595 706 646 atque
716 588 760 629 Ori-

72 673 142 717 genem
163 659 233 719 (solius
250 661 336 702 Hermae
354 661 467 703 auctoritate
484 659 582 720 innixum)
605 659 709 703 adinventa
726 666 760 703 est.

74 732 180 788 Quomodo
195 747 242 791 ergo
257 733 275 777 S.
290 735 397 792 Gregorius
411 742 511 794 paternam
526 732 650 778 traditionem
666 734 686 776 in
701 733 761 777 iidem

74 806 132 849 citare
147 807 238 864 potuerit,
254 821 294 848 non
309 806 358 850 bene
373 807 548 866 comprehenditur.
564 808 650 858 Certum,
666 807 762 866 requisitis

74 891 109 938 pro
123 885 237 937 argumento
250 878 359 923 traditionis
371 883 391 924 in
403 880 553 941 propaedeutica
565 880 674 938 theologica
687 881 762 923 statutis

74 957 95 997 in
108 970 154 999 casu
167 956 263 1015 praesenti
278 953 398 997 satisfactum
410 954 463 997 haud
477 954 515 997 dici
529 962 598 1013 potest.
619 954 698 1006 Idcirco,
712 954 762 996 hanc

75 1028 209 1072 difficultatem
218 1027 268 1071 elabi
276 1028 319 1085 quis
327 1028 426 1084 cogitaret,
435 1027 523 1079 dicendo,
533 1029 550 1070 S.
559 1029 676 1084 Gregorium
684 1028 762 1069 nonnisi

75 1101 158 1160 primam
166 1108 247 1159 partem,
256 1099 280 1143 de
289 1100 359 1157 angelo
368 1098 447 1142 custode
454 1113 530 1158 nempe,
540 1114 563 1142 ex
571 1107 651 1158 paterna
659 1099 763 1142 traditione

74 1173 160 1216 voluisse
172 1178 289 1224 attestatam;
303 1179 337 1222 ast,
351 1171 385 1214 tali
398 1172 552 1231 interpretationi
564 1171 675 1215 adversatur
687 1172 763 1215 interna

75 1248 124 1289 ratio
134 1259 192 1305 supra
200 1251 357 1295 commemorata,
367 1246 413 1304 quia
423 1246 443 1287 in
452 1246 495 1304 ipso
505 1260 583 1303 quoque
593 1252 647 1287 textu
656 1259 725 1303 graeco
736 1260 763 1287 se-

76 1318 150 1362 cundae
164 1318 302 1378 propositionis
316 1317 446 1377 dependentia
461 1334 472 1361 a
485 1317 544 1362 verbo
557 1316 604 1362 dicit
620 1323 687 1375 (φησι)
703 1319 764 1362 nitide

76 1394 170 1436 statuitur.

116 1472 150 1517 nd
163 1473 223 1534 ipsius
238 1480 303 1517 autem
318 1479 380 1516 textus
395 1486 472 1516 sensum
487 1472 540 1531 quod
554 1471 619 1524 refert,
634 1476 674 1515 non
688 1471 764 1515 videtur

77 1561 134 1606 posse
146 1547 235 1590 sustineri
246 1547 384 1605 interpretatio,
398 1561 457 1604 quam
468 1545 543 1605 proiert
556 1547 724 1597 GAZZANIGA,
738 1560 764 1588 se-

77 1619 162 1662 cundum
171 1633 235 1679 quem,
245 1620 311 1676 agnita
320 1619 337 1661 S.
349 1620 439 1676 Gregorii
447 1633 520 1676 magna
529 1619 550 1661 in
559 1618 642 1662 Ecclesia
652 1619 765 1661 auctoritate

78 1693 157 1751 eiusque
166 1692 246 1752 opinata
255 1707 279 1735 ex
288 1690 392 1735 traditione
401 1690 565 1750 comprobatione,
575 1693 633 1735 citata
643 1691 713 1735 ”verba
722 1706 765 1751 pos-

78 1773 122 1809 sunt
129 1765 182 1808 haud
189 1764 313 1807 incommode
320 1766 347 1807 ita
355 1765 452 1824 explicari,
460 1765 515 1825 quod
522 1765 610 1824 princeps
618 1765 766 1809 daemoniorum

77 1838 178 1883 conatibus
189 1838 286 1882 bonorum
297 1839 411 1896 angelorum
423 1839 562 1881 contranitatur
573 1838 666 1881 tentando
677 1841 766 1882 homines

79 1911 165 1970 pluribus
176 1910 247 1953 modis:
261 1910 343 1953 fortasse
354 1911 412 1953 etiam
422 1918 483 1953 certos
495 1911 570 1970 aliquos
581 1910 643 1954 malos
654 1913 722 1970 genios
733 1912 766 1955 ali·

79 1983 149 2043 quibus
158 1982 255 2027 tentandis
266 1983 387 2035 destinando,
397 1998 438 2026 non
448 1991 513 2027 autem
523 1985 640 2042 singulis.''³8
650 1986 731 2038 Etenim,
743 2001 766 2028 ex

79 2058 147 2100 attenti
157 2063 220 2100 textus
230 2057 349 2116 inspectione
358 2058 420 2100 elucet
431 2056 555 2100 omnimodus
565 2058 707 2118 parallelismus
717 2060 766 2102 inter

79 2129 178 2189 duplicem
189 2130 246 2173 istam
257 2129 373 2183 doctrinam
384 2145 436 2184 nam,
448 2130 518 2175 eodem
529 2119 607 2190 prorsus
618 2131 685 2184 modo,
697 2148 736 2192 quo
748 2134 766 2176 S.

79 2204 186 2261 Gregorius
198 2202 235 2246 “ad
246 2203 379 2246 auxiliandum
390 2205 539 2264 uniuscuiusque
549 2206 612 2247 vitae”
625 2205 716 2263 angelum
727 2222 767 2249 cus·

79 2275 145 2320 todem
156 2276 248 2336 postulat,
261 2277 405 2335 “corruptorem
416 2286 497 2322 naturae
507 2278 614 2321 machinari
625 2278 708 2337 paritea·”
721 2279 767 2323 dicit

80 2356 147 2393 contra
157 2349 263 2392 hominem.
275 2350 361 2410 Insuper,
373 2352 444 2410 paritas
456 2353 492 2395 ista
503 2351 566 2395 adhuc
577 2352 646 2395 clarius
658 2361 732 2398 constat
744 2368 768 2396 ex

80 2437 110 2476 eo,
118 2422 171 2484 quod
179 2421 282 2467 secundam
290 2430 364 2483 partem
373 2423 398 2469 de
405 2424 501 2470 daemone
508 2441 552 2470 cum
559 2424 618 2471 verbo
628 2427 650 2470 “e
659 2428 767 2471 contrario'

80 2497 189 2540 introducit.
204 2496 264 2552 Quod
271 2496 317 2540 dein
324 2497 348 2541 de
356 2498 437 2556 singulis
444 2499 556 2543 hominibus
563 2502 600 2542 hoc
608 2500 659 2553 dicit,
668 2489 768 2544 ex'eodem

123 2633 147 2664 38.
157 2629 246 2670 Gazzaniga,
256 2631 278 2662 IV
286 2629 322 2662 diss.
333 2635 339 2662 1
348 2641 360 2663 c.
371 2635 412 2666 1911.
422 2636 456 2667 308.
